1905 3131
788 255 1087 299 ..28-

261 379 301 423 et
331 382 373 421 in
403 392 449 420 se
481 380 655 419 continet
686 375 847 420 creandi
877 377 1104 421 facultatem
1144 384 1185 421 et
1221 380 1619 443 materiam.1taque

260 458 459 512 Spinozae
510 453 725 508 generandi
777 457 1011 510 principium
1057 457 1226 512 simplex
1273 462 1414 512 atque
1416 445 1618 510 unicum,

258 534 439 575 Platonis
470 537 640 587 quatuor
669 546 901 585 enumerare
931 537 1078 588 possis.
1121 534 1197 575 Hic
1229 537 1331 576 enim
1362 538 1527 590 primum
1558 538 1618 577 in-

260 612 369 653 ducit
398 612 624 661 materiam,
657 609 802 651 deinde
833 609 946 651 ideas
978 607 1046 662 (τὸ
1079 614 1120 653 τί
1148 608 1203 668 ἦν
1231 610 1375 666 εἶναι),
1407 626 1507 667 quae
1538 613 1619 654 for-

258 703 360 731 mam
391 687 513 730 rebus
545 692 795 741 comparant,
826 701 944 742 porro
978 688 1114 739 deum,
1155 692 1220 743 qui
1252 695 1315 731 est
1352 686 1400 733 τὸ
1440 688 1553 733 ὅθεν
1592 685 1618 748 ἦ

258 771 436 825 κίνησις,
469 770 513 806 ut
543 755 846 820 pergam'loqui
879 779 967 806 cum
999 766 1238 820 Aristotele,
1274 765 1443 822 denique
1473 767 1618 809 bouum

258 848 345 887 sive
378 844 442 885 dei
473 842 786 894 similitudinem,
817 845 939 884 totius
961 843 1094 885 mundi
1126 858 1369 886 communem
1400 845 1517 888 finem
1549 841 1616 896 (τὰ

258 919 312 967 οὗ
342 923 503 980 ἕνεκα).
548 920 724 976 Spinoza
754 923 957 963 materiam
989 935 1077 962 cum
1111 920 1186 963 deo
1219 923 1420 977 conjunxit
1451 937 1619 979 eumque

258 1015 324 1042 res
356 1001 553 1041 formasse
593 999 787 1049 confisus,
820 999 1065 1050 substantia,
1104 1002 1246 1054 inquit,
1286 1015 1407 1042 causa
1447 1007 1511 1043 est
1539 1008 1618 1043 tam

196 1060 201 1063 .
258 1092 388 1120 rerum
428 1078 650 1127 essentiae,
689 1090 806 1130 quam
845 1079 1088 1119 existentiae.
1150 1076 1445 1120 Necessitatem
1477 1084 1619 1132 autem,
1667 1077 1670 1079 ’

260 1169 374 1210 quam
417 1154 534 1195 Plato
575 1153 651 1194 deo
690 1156 874 1207 opponit,
911 1157 989 1207 ipsi
1030 1154 1104 1194 deo
1143 1155 1319 1195 attribuit
1357 1158 1472 1209 eique
1509 1156 1618 1207 illud,

258 1233 406 1285 „aliter
437 1244 532 1273 sese
563 1224 687 1285 posse
719 1226 896 1273 habere*
927 1229 1140 1285 abjudicat.
1177 1232 1366 1273 Attamen
1397 1232 1617 1275 libertatem

259 1313 347 1364 ejus
379 1323 544 1358 servare
580 1307 763 1367 studens,
802 1310 938 1349 miram
969 1311 1008 1365 iu
1040 1309 1331 1362 ambiguitatem
1369 1309 1530 1352 abducit
1560 1312 1617 1352 le-

259 1393 405 1430 ctores.
444 1384 647 1429 Interdum
679 1379 808 1440 emh}
827 1400 945 1440 quum
977 1386 1027 1427 de
1058 1386 1281 1428 substantia
1310 1387 1492 1442 loquitur,
1524 1402 1618 1444 spe-

259 1469 359 1507 ciem
391 1466 480 1518 ejus
519 1463 638 1504 infert
674 1449 932 1527 immobilem,
963 1463 1148 1517 rigidam,
1187 1465 1262 1504 soli
1302 1467 1532 1506 existentiae
1571 1480 1619 1507 ac

257 1544 493 1588 necessitati
524 1535 753 1593 obnoxiam,
783 1539 971 1583 infinitam
994 1546 1112 1595 atque
1132 1540 1392 1594 indefinitam,
1413 1556 1503 1584 mox
1523 1557 1617 1586 vero

260 1622 324 1664 dei
355 1623 481 1675 pingit
510 1621 718 1672 imaginem
741 1617 1042 1672 perfectissimi,
1074 1612 1377 1673 sapientissimi,
1409 1623 1618 1674 cogitantis

259 1713 354 1742 sese
395 1698 529 1739 homin
652 1711 674 1739 e
712 1700 890 1737 naturam
929 1709 977 1736 ac
1016 1709 1163 1736 rerum:
1202 1696 1461 1739 nihilosecius
1499 1712 1618 1739 unum

258 1777 443 1831 idemque
474 1707 670 1893 effs
703 1778 743 1814 et
772 1772 1008 1815 substantia,
1060 1773 1152 1826 Qua
1192 1787 1240 1814 ex
1277 1774 1528 1828 ambiguitate
1568 1790 1619 1816 ne

258 1855 434 1910 Spinoza
465 1866 517 1907 qu
653 1864 743 1906 ipse
774 1864 870 1893 sese
901 1852 1119 1892 extricasse
1157 1850 1358 1905 putandus
1398 1857 1472 1894 est.
1526 1853 1618 1907 Quo

257 1934 319 1984 fit,
349 1938 395 1973 ut
425 1933 565 1986 partim
597 1930 819 1972 substantia
860 1930 947 1982 ejus
978 1927 1210 1970 Platonicae
1250 1932 1438 1972 materiae
1478 1931 1618 1972 similis

257 2010 460 2061 videatur,
492 2010 634 2062 partim
672 2006 757 2061 dei3
789 2007 955 2046 maxime
995 2010 1126 2047 autem
1166 2009 1350 2048 convenit
1384 2021 1472 2048 cum
1503 2007 1618 2059 ideis,

258 2103 360 2143 quae
390 2087 512 2128 rebus
544 2090 585 2127 et
615 2086 862 2126 existentiam
886 2088 926 2124 et
941 2086 1155 2125 essentiam
1176 2083 1443 2139 suppeditant.
1476 2084 1619 2137 Porro,

258 2168 324 2221 qui
357 2169 421 2207 est
451 2160 558 2219 afid
579 2162 779 2204 Graecum
800 2163 925 2202 totius
946 2163 1213 2214 generationis
1233 2161 1343 2213 finis,
1373 2161 1468 2203 boni
1489 2162 1618 2204 ideam

259 2243 435 2298 Spinoza
465 2255 544 2283 non
574 2240 696 2282 habet
726 2239 906 2294 quidem,
937 2238 1013 2280 sed
1044 2241 1079 2280 si
1111 2238 1430 2292 consideramus,
1460 2240 1618 2292 bonum,

259 2319 369 2376 quod
398 2320 483 2361 vult
511 2318 628 2360 Plato
660 2339 741 2370 -,
772 2316 824 2359 ad
862 2316 938 2373 dei¹
956 2321 1133 2359 naturam
1164 2319 1392 2372 pertinere,
1424 2317 1619 2373 deumque

259 2401 390 2442 omnia
435 2396 487 2440 ad
532 2398 660 2451 ipsius
707 2394 1001 2438 similitudinem
1041 2409 1157 2450 quam
1195 2397 1361 2437 maxime
1402 2398 1618 2449 creavisse,

258 2477 437 2533 Spinoza
467 2488 556 2517 eam
587 2476 821 2515 sententiam
854 2475 1080 2529 neutiquam
1112 2478 1342 2526 aversatus,
1373 2487 1440 2515 res
1479 2488 1617 2516 omnes

255 2555 405 2609 aliquid
435 2553 684 2595 substantiae
715 2554 755 2593 in
786 2566 833 2594 se
864 2554 1035 2594 traxisse
1066 2557 1185 2593 retur.
1238 2551 1323 2593 Sed
1356 2567 1402 2594 ea
1435 2558 1498 2594 est
1518 2555 1619 2595 inter

258 2631 397 2674 ambos
429 2630 669 2682 differentia,
700 2628 806 2685 quod
836 2628 1012 2685 Spinoza
1043 2631 1253 2672 creationis
1274 2634 1424 2673 tantum
1455 2644 1618 2673 causam

257 2709 351 2751 facit
383 2708 574 2761 divinam,
604 2707 745 2761 Plato,
777 2722 895 2763 quum
925 2713 1048 2762 ponat
1076 2708 1212 2761 finem,
1243 2709 1349 2750 huuc
1380 2711 1497 2751 etiam
1518 2708 1618 2750 divi-
