1911 3134
755 264 1052 307 ...11-

231 383 306 427 noc
328 382 501 440 donique
521 383 781 439 Anaxagorae
806 386 1115 440 procreatricem
1139 387 1328 435 mentem,
1356 380 1435 425 sed
1465 392 1581 438 quem

231 461 283 503 ad
314 461 471 502 modum
509 463 634 515 reguli
672 465 843 503 minores
874 461 927 502 ad
956 464 1084 514 magni
1117 460 1304 502 Caesaris
1333 461 1477 501 solium
1508 459 1581 501 ail-

231 544 355 593 staut,
384 540 504 594 cujus
534 544 675 594 parent
699 538 919 592 mandatis,
954 541 1009 580 ita
1036 538 1156 580 Plato
1187 540 1349 593 scriptis
1379 540 1465 580 suis
1496 552 1580 579 om-

230 620 336 658 nium
366 618 521 657 illorum
551 619 724 658 rationes
756 616 1056 671 comprehendit
1084 617 1240 670 sibique
1271 617 1456 669 subjecit.
1514 615 1580 657 Ab

232 693 401 735 Socrate
420 706 530 745 vero,
556 707 678 748 quem
699 693 907 735 docentem
935 693 1087 735 inducit
1114 698 1155 734 et
1185 693 1461 744 disserentem,
1491 694 1581 747 phi-

231 770 438 824 losophiae
469 773 625 824 accepit
661 770 933 821 fundamenta,
970 776 1014 811 ut
1051 784 1172 824 supra
1211 770 1581 820 demonstravimus,

231 849 387 902 accepit
420 849 540 889 etiam
575 849 850 889 tractationem
879 861 1010 889 rerum
1049 847 1308 889 dialecticam.
1369 845 1582 901 Proprium

232 926 304 966 fuit
334 927 491 965 omuino
522 924 848 975 Atheniensibus,
870 926 1000 965 multa
1029 926 1136 978 loqui
1166 930 1209 965 et
1238 924 1288 964 de
1315 925 1472 964 multis:
1503 936 1580 977 quo

232 1015 321 1043 cum
360 1000 493 1043 studio
532 990 786 1061 conjuncta*
800 1004 919 1045 ⁴erant
961 1000 1159 1042 festivitas
1204 1006 1322 1054 atque
1368 1002 1493 1042 ironia
1542 1005 1584 1041 et

233 1092 385 1121 summa
425 1077 583 1120 dicendi
616 1076 873 1131 judicandive
910 1077 1123 1119 subtilitas.
1192 1077 1320 1131 Cujus
1358 1080 1417 1118 rei
1454 1082 1582 1118 testes

232 1156 425 1198 habemus
463 1154 731 1209 lepidissimas
768 1155 1050 1209 Aristophanis
1087 1154 1264 1206 fabulas,
1303 1176 1360 1183 -
1390 1167 1493 1208 quas
1532 1168 1582 1196 ne

230 1247 335 1275 nunc
365 1231 523 1286 quidem
554 1236 754 1273 emortuas
786 1245 881 1273 esse
911 1236 1048 1272 nostra
1079 1231 1175 1272 urbs
1204 1234 1352 1284 ingenti
1382 1231 1582 1272 Ranarum

230 1310 425 1365 applausu
454 1307 647 1363 probavit.
685 1334 734 1344 --
770 1308 969 1362 Quodque
999 1308 1292 1363 Aristophanes
1328 1308 1582 1351 adversarios

232 1400 330 1429 suos
376 1385 532 1427 acerbis
572 1385 752 1426 ludibriis
789 1399 839 1426 ac
878 1384 1037 1439 publica
1076 1387 1388 1440 reprehensione
1427 1387 1584 1429 solebat

231 1469 389 1519 petere,
427 1462 468 1504 id
497 1462 655 1504 Platoni
694 1464 809 1504 etiam
845 1465 883 1503 in
913 1476 1025 1503 more
1049 1459 1139 1503 fuit.
1200 1463 1423 1518 Praecipue
1452 1468 1586 1514 autem,

232 1542 448 1596 sophistas,
487 1542 677 1595 temporis
710 1541 797 1594 ejus
827 1542 1101 1594 gravissimam
1131 1545 1298 1595 pestem,
1328 1543 1583 1595 impugnavit,

232 1632 333 1673 quos
364 1624 404 1659 et
436 1621 556 1659 certis
586 1616 988 1658 demonstrationibus
1020 1623 1060 1658 et
1088 1631 1251 1671 operum
1279 1617 1404 1659 forma
1425 1617 1583 1660 devicit.

231 1697 313 1749 Qui
360 1709 478 1750 quum
524 1693 726 1757 auditores
773 1694 903 1747 longis
949 1677 1192 1736 orationibus
1224 1694 1342 1736 'bene
1381 1694 1583 1736 adornatis

231 1787 280 1814 ac
309 1771 442 1826 lepide
471 1771 747 1826 perorantibus
778 1770 1064 1824 (ἐπιδείξεσι)
1097 1771 1371 1824 defatigarent,
1402 1771 1581 1813 Platonis

232 1864 279 1890 ea
311 1854 374 1889 est
403 1862 565 1901 operum
595 1850 707 1897 ratio,
738 1852 781 1887 ut
810 1860 885 1888 nos
916 1847 1067 1888 medias
1098 1851 1138 1888 in
1168 1861 1235 1889 res
1266 1853 1385 1902 atque
1405 1849 1582 1902 philoso-

230 1926 348 1980 phiae
379 1930 576 1978 tamquam
606 1926 646 1964 in
677 1925 942 1977 praesentiam
972 1926 1110 1978 rapiat.

320 2001 528 2044 Platonem
560 2014 676 2055 ergo,
707 2014 825 2055 quum
857 2015 905 2042 eo
939 2006 1050 2043 esset
1080 2006 1191 2043 ortus
1231 2003 1400 2057 populo,
1440 2005 1507 2056 qui
1544 2008 1585 2043 et

234 2080 391 2136 pulchri
422 2082 642 2133 artiumque
674 2079 795 2120 cultui
827 2078 984 2121 deditus
1016 2085 1057 2121 et
1086 2082 1230 2133 ingenii
1260 2093 1337 2120 non
1366 2081 1495 2122 solum
1516 2094 1583 2122 ce-

230 2159 384 2200 leritate
413 2170 549 2198 verum
581 2158 696 2197 etiam
727 2155 914 2196 felicitate
944 2161 1166 2209 praestans,
1197 2157 1450 2198 humanitatis
1478 2157 1584 2198 haud

229 2234 469 2278 mediocrem
507 2234 633 2275 tenuit
674 2233 826 2284 locum,
857 2245 974 2286 quum
1013 2238 1055 2274 et
1089 2235 1178 2288 ipse
1208 2235 1367 2288 poetica
1396 2233 1585 2276 facultate

230 2313 382 2354 valeret
412 2316 453 2353 et
483 2310 713 2352 dialectices
744 2315 862 2363 atque
898 2312 1055 2352 virtutis
1085 2317 1385 2365 praeceptorem
1423 2312 1585 2354 habuis-

230 2395 306 2438 set,
324 2389 553 2442 Socratem,
592 2388 688 2430 nihil
720 2400 853 2430 eorum
885 2391 1055 2430 omnium
1085 2386 1138 2430 ad
1176 2388 1467 2445 philosophiam
1506 2402 1585 2430 non

230 2467 461 2509 adhibuisse
499 2467 701 2517 videmus,
745 2465 993 2520 mediamque
1031 2468 1211 2508 tenuisse
1249 2470 1442 2508 sentimus
1480 2470 1584 2508 viam

231 2544 449 2599 ejusmodi,
496 2550 539 2588 ut
576 2557 706 2598 neque
746 2542 948 2585 doctrinae
979 2548 1156 2597 systema
1193 2545 1304 2598 large
1344 2544 1585 2586 elaboratum

229 2622 435 2673 fumaret,
474 2604 603 2675 netfue
644 2623 826 2662 notiones
857 2621 1156 2676 philosophicas
1189 2621 1424 2675 dijudicaret
1452 2620 1584 2674 modo,

230 2699 305 2743 sed
335 2701 478 2743 scriem
517 2697 710 2755 quandam
744 2711 906 2753 operum
937 2699 1351 2742 artificiosissimorum
1384 2712 1584 2755 propone-
