1904 3133
772 265 1069 317 ..21-

242 388 427 429 mercium
470 400 602 430 earum
640 401 799 443 purum,
839 400 916 428 nec
955 384 1074 428 docet
1111 385 1344 441 plerumque
1384 387 1594 428 sententiis

240 467 472 520 propositis,
503 464 578 507 sed
609 468 765 519 ingenia
794 466 986 506 lectorum
1016 466 1123 505 acuit
1153 469 1193 505 et
1224 468 1385 506 excitat:
1418 463 1595 519 Spinoza

240 542 335 629 nihil
373 557 452 584 non
482 542 630 585 fecisse
667 547 799 596 putat,
836 545 872 583 si
912 541 1093 582 homines
1131 540 1379 583 substantiae
1409 543 1496 583 sive
1528 540 1592 583 dei

350 633 400 661 ne
438 618 658 661 imbuisset.
730 616 791 658 Ita
830 617 1013 659 Graecus
1054 618 1279 672 complures
1317 632 1365 659 ac
1410 618 1591 659 diversas

240 677 370 739 rerum
401 699 507 738 scitu
538 688 854 750 dignissimarum
886 695 1197 749 disceptationes
1228 697 1333 749 iniit3
1364 694 1508 737 Judaei
1529 700 1592 737 to-

240 778 319 814 tam
357 772 648 828 philosophiam
688 774 1007 821 commentarium
1046 773 1183 826 possis
1228 772 1430 826 appellare
1476 775 1593 821 unia

240 853 430 902 notionis3
463 851 530 892 ille
562 850 743 892 diversas
773 864 840 891 res
870 849 1089 891 secundum
1117 852 1290 905 ipsarum
1311 847 1592 905 proprietatem

240 928 419 983 indagat,
456 928 522 969 hic
561 926 830 969 diversitatem
868 940 1022 969 omnem
1063 926 1198 968 delere
1237 932 1410 969 conatur.
1475 926 1593 969 Unde

240 1007 358 1059 hujus
399 1005 600 1047 doctrinae
637 1005 883 1046 uniformitas
921 1019 969 1046 ac
1007 1005 1091 1047 fere
1128 1001 1237 1045 nulla
1274 1008 1454 1059 partitio;
1500 1008 1592 1059 quin

240 1085 356 1124 immo
388 1084 527 1125 mirum
559 1087 633 1134 est,
665 1096 783 1136 quum
816 1081 972 1137 quando
1007 1083 1094 1136 ejus
1125 1086 1261 1136 partes
1290 1071 1591 1136 distinguantur.

238 1160 419 1202 Platonis
449 1165 579 1201 autem
609 1165 718 1201 tanta
756 1165 819 1201 est
857 1163 1029 1202 varietas
1069 1173 1251 1214 operum,
1293 1165 1337 1201 ut
1374 1162 1593 1201 sententias

241 1253 378 1280 omnes
408 1241 509 1280 inter
540 1252 586 1279 se
618 1238 828 1280 conciliare
859 1236 966 1280 haud
995 1237 1111 1280 facile
1141 1240 1205 1279 sit.

329 1315 415 1357 Sed
452 1320 582 1356 tamen
621 1316 687 1355 hic
718 1337 775 1344 —
808 1315 897 1356 dico
935 1315 1134 1357 Graecum
1165 1338 1223 1344 —
1254 1331 1384 1358 rerum
1420 1318 1592 1357 varieta-

239 1399 319 1435 tem
364 1394 581 1447 analogicis
627 1392 844 1434 rationihus
891 1392 1046 1435 ordinat
1092 1398 1133 1435 et
1182 1398 1340 1448 coaptat
1383 1396 1591 1448 omniaque
1629 1454 1632 1457 ἡ

240 1469 527 1525 quodammodo
567 1472 669 1511 inter
709 1484 756 1510 se
802 1471 943 1511 similia
988 1484 1082 1511 esse
1122 1476 1253 1523 ratus,
1296 1470 1589 1512 inductionibus

238 1548 384 1602 ubique
419 1550 495 1599 uti,
533 1562 581 1589 ac
620 1547 727 1602 quod
765 1550 806 1589 in
842 1562 922 1589 una
959 1562 1003 1589 re
1041 1554 1299 1602 cognoverat,
1337 1548 1390 1591 ad
1426 1549 1590 1590 alteram

239 1625 455 1667 transferre
486 1638 565 1665 non
596 1624 760 1668 dubitat.
821 1626 880 1666 At
918 1624 1118 1680 Spinozae
1156 1629 1372 1668 sententia:
1414 1624 1511 1666 ordo
1551 1630 1591 1666 et

240 1705 430 1744 connexio
461 1702 638 1745 idearum
668 1703 773 1745 idem
805 1710 868 1745 est
898 1718 947 1745 ac
977 1706 1107 1758 (lega
1137 1704 1275 1758 atque)
1305 1702 1402 1745 ordo
1433 1709 1473 1745 et
1493 1717 1589 1745 con-

238 1782 352 1822 nexio
386 1794 515 1822 rerum
523 1811 536 1832 ,
575 1767 807 1835 quamquam
847 1794 936 1821 cum
965 1779 1147 1823 Platonis
1184 1782 1336 1823 ratione
1375 1779 1492 1821 modo
1531 1782 1589 1822 si-

238 1858 420 1910 gnificata
452 1860 661 1898 convenire
692 1857 901 1911 aliquando
932 1852 1100 1909 videtur,
1130 1864 1262 1899 tamen
1291 1861 1331 1898 in
1360 1853 1590 1900 universum

237 1936 363 1989 magis
396 1932 501 1975 dicta
538 1938 621 1986 est,
660 1948 774 1990 quam
816 1934 868 1977 ad
903 1937 1031 1990 ipsam
1069 1934 1362 1991 philosophiam
1399 1934 1586 1977 adhibita.

237 2012 353 2053 Plato
393 2017 524 2052 autem
564 2026 663 2065 quas
702 2027 768 2054 res
806 2013 952 2067 ubique
997 2013 1049 2054 ad
1088 2016 1280 2067 ipsarum,
1307 2016 1588 2067 proprietatem

236 2102 425 2131 revocare
455 2087 679 2142 studuerat,
711 2103 781 2132 eas
810 2091 1002 2145 analogiis
1032 2092 1135 2132 inter
1164 2103 1211 2132 se
1242 2090 1483 2151 coniungere
1513 2091 1588 2131 ite-

236 2181 322 2209 rum
353 2180 476 2208 ausus
507 2172 582 2209 est.
620 2192 670 2200 —

325 2244 442 2288 Plato
482 2259 599 2300 quum
636 2259 789 2288 omnem
819 2245 1109 2302 philosophiam
1140 2248 1180 2288 in
1210 2251 1346 2302 partes
1377 2246 1587 2303 perhibea-

236 2329 301 2366 tur
331 2323 519 2366 divisisse
547 2328 653 2382 tres,
684 2326 725 2364 in
757 2305 1021 2376 dialecticam,
1053 2325 1281 2379 physicam,
1313 2326 1506 2378 ethicam,
1539 2327 1590 2369 de

238 2401 413 2444 idearum
443 2415 556 2463 agam
588 2401 784 2453 doctrina,
815 2415 917 2456 quae
948 2402 1180 2445 dialectices
1211 2404 1329 2446 simul
1360 2409 1401 2446 et
1429 2404 1518 2446 finis
1551 2410 1591 2446 et

237 2481 536 2520 instrumentum
583 2484 665 2530 est,
712 2478 820 2520 haud
868 2493 989 2522 secus
1030 2494 1079 2523 ac
1117 2480 1317 2535 Spinozae
1355 2482 1588 2524 substantia.

236 2555 507 2600 Meditationis
553 2570 647 2598 vero
698 2556 930 2600 dialecticae
967 2558 1074 2614 apud
1111 2563 1320 2614 utrumque
1360 2559 1437 2601 duo
1477 2563 1591 2615 quasi

237 2633 384 2690 gradus
425 2648 518 2676 esse
554 2639 729 2688 constat,
767 2635 932 2679 alterum
962 2636 1333 2694 propaedeuticum,
1370 2651 1443 2694 per
1473 2652 1589 2694 quem

238 2712 289 2757 ad
317 2712 359 2755 id
397 2711 643 2767 ascenditur,
684 2713 791 2769 quod
829 2715 1005 2758 methodi
1043 2719 1277 2773 principium
1316 2716 1500 2771 praebet,
1539 2716 1592 2762 ad
