1892 3127
761 197 1057 240 ...17-

236 330 321 360 zum
354 316 563 361 diversitas
595 332 724 361 rerum
755 316 1000 370 admittatur,
1039 314 1145 372 apud
1174 313 1383 358 Platonem
1422 312 1587 369 conjun-

237 396 328 456 ctio⁴
346 409 473 437 rerum
506 411 594 438 cum
624 396 739 448 ideis,
771 395 914 438 deinde
944 397 1060 437 animi
1091 408 1181 436 cum
1211 393 1313 435 ideis
1341 395 1471 448 possit
1491 405 1590 447 sup-

235 475 341 527 poni.
403 473 477 515 Cui
508 477 727 529 quaestioni
759 475 924 529 opponit
953 472 1129 527 Spinoza
1159 474 1462 524 necessitatem,
1502 484 1588 513 om-

235 551 300 592 nia
330 548 481 603 dicens,
512 556 599 593 utut
627 538 732 602 suut,
762 564 834 605 per
866 550 1036 593 divinam
1068 553 1359 600 necessitatem,
1391 563 1493 604 quae
1525 552 1589 589 est

235 629 299 669 sui
339 641 460 670 causa
497 630 605 682 ipsa,
643 642 737 670 esse
777 627 882 677 facta
922 633 962 668 et
1002 630 1191 678 existere3
1233 625 1349 668 Plato
1391 624 1507 667 deum
1547 629 1589 667 et

234 702 411 746 idearum
443 709 484 746 et
512 706 656 746 mentis
688 710 727 745 et
757 718 886 746 rerum
917 703 1068 745 induxit
1099 708 1338 753 creatorem,
1370 706 1435 757 qui
1467 716 1587 757 quum

233 781 409 824 bonitate
446 796 522 825 sua
560 782 754 837 impulsus
794 784 1007 833 creaverit,
1048 781 1212 834 intelligi
1249 786 1403 835 potest·
1441 780 1601 859 bonum&

235 862 337 904 enim
382 859 473 903 idea
518 865 592 902 est.
653 859 808 902 Neuter
850 865 982 901 tamen
1028 857 1296 900 difficultatem
1343 839 1601 914 propositam

234 938 366 980 solvit.

323 1014 411 1057 Jam
442 1015 507 1056 his
537 1015 667 1057 allatis
700 1014 881 1057 diversas
912 1019 1137 1062 nostrorum
1167 1013 1492 1069 philosophorum
1523 1027 1589 1056 ra-

233 1094 364 1133 tiones
406 1077 505 1132 licet
548 1094 759 1146 inspicere.
826 1088 985 1133 Plato
1015 1139 1019 1142 s
1108 1110 1113 1116 1
1148 1096 1155 1150 ’-
1190 1104 1236 1133 as
1273 1094 1386 1145 ponit
1424 1102 1587 1133 mero

1146 1151 1161 1227 *r
1195 1182 1265 1209 eas
1284 1164 1491 1221 sigillatim
1519 1180 1587 1210 s'e-

233 1168 403 1211 infinitas
435 1183 528 1211 esse
561 1174 600 1210 et
628 1183 724 1210 vere
755 1171 944 1211 existere.
1085 1215 1088 1219 ,

235 1245 403 1287 cundum
435 1248 609 1300 ipsarum
646 1248 926 1300 proprietatem
964 1231 1311 1299 (Indissidualitiit)
1350 1245 1486 1286 studet
1516 1258 1586 1286 co-

233 1337 440 1377 gnoscere.
494 1324 627 1376 Quum
658 1338 753 1365 vero
787 1337 940 1365 omnem
970 1338 1100 1365 rerum
1133 1325 1414 1377 proprietatem
1445 1322 1585 1365 obser-

232 1404 393 1443 vatione
431 1405 581 1442 tantum
625 1405 665 1441 et
705 1399 1054 1455 appropinquando
1096 1401 1422 1455 complectamur,
1467 1391 1586 1445 Pl*

233 1479 429 1532 analytico
460 1477 578 1519 modo
617 1478 941 1532 philosophatur,
981 1479 1096 1531 cujus
1137 1480 1193 1519 rei
1232 1479 1332 1519 haec
1371 1484 1434 1520 est
1472 1472 1585 1530 ratio,

231 1545 276 1597 ut
315 1558 498 1597 notiones
535 1557 576 1596 in
614 1567 660 1596 se
699 1555 798 1595 solis
837 1560 1042 1609 spectatae
1052 1563 1068 1569 ²·
1082 1554 1294 1598 credantur
1332 1569 1453 1596 verae
1492 1569 1586 1597 esse

233 1638 273 1673 et
319 1648 415 1674 vere
461 1635 630 1674 existere
667 1646 716 1673 ac
753 1646 890 1673 verum
927 1638 1137 1686 quaeratur
1174 1646 1247 1686 per
1284 1633 1587 1675 eliminationem

231 1709 322 1752 falsi
353 1712 628 1771 continuatam:
688 1708 816 1750 Porro
856 1711 1039 1764 quoniam
1079 1709 1187 1764 nulla
1226 1711 1452 1764 proprietas
1483 1709 1586 1753 disci

230 1792 385 1843 potest,
416 1801 491 1829 nos
522 1793 652 1830 autem
683 1787 858 1828 idearum
888 1789 1134 1842 propriarum
1163 1790 1347 1829 notiones
1378 1787 1584 1840 habemus,

231 1865 506 1907 recordatione
534 1864 789 1919 possidemus
822 1879 891 1906 eas
922 1865 1011 1918 ejus
1047 1864 1201 1917 mundi,
1239 1865 1307 1907 ubi
1338 1879 1437 1921 pure
1467 1865 1583 1907 nobis

230 1929 508 1997 apparuerunt.
589 1942 778 1983 Attamen
830 1956 881 1982 ne
926 1944 1105 1996 quaestio
1160 1942 1338 1984 idearum
1385 1943 1582 1996 analytico

230 2019 347 2060 modo
389 2002 729 2072 intelligendarum
768 2022 808 2059 in
848 2019 1037 2060 infinitum
1084 2019 1335 2071 extendatur,
1383 2023 1584 2074 componit

232 2110 302 2138 eas
330 2095 593 2151 philosophus
632 2100 673 2136 et
707 2095 782 2137 sub
813 2095 905 2136 boni
936 2095 1027 2137 idea
1057 2096 1249 2147 collocat,
1289 2109 1366 2150 qua
1396 2101 1582 2151 tanquam

176 2179 182 2184 “
229 2179 418 2228 regnante
448 2178 648 2226 regantur.
697 2172 908 2226 Quomodo
939 2178 1071 2214 autem
1101 2173 1202 2215 haec
1234 2176 1469 2229 compositio
1500 2174 1582 2227 fiat,

230 2265 309 2293 non
341 2250 603 2303 demonstrat,
633 2249 708 2292 sed
736 2245 884 2291 indicat
920 2255 1082 2293 tantum.
1142 2250 1245 2292 Boni
1283 2250 1412 2293 ideam
1453 2254 1582 2307 ipsam

231 2328 306 2370 sub
343 2329 497 2383 pulchri
536 2330 672 2382 specie
711 2333 751 2369 et
780 2327 1013 2369 sufficientis
1052 2333 1093 2369 et
1130 2331 1384 2382 congruentis
1424 2332 1581 2384 concipi

228 2406 331 2457 vult3
370 2409 459 2461 ipse
498 2410 628 2448 autem
658 2407 773 2447 istam
804 2404 1068 2448 definitionem
1098 2408 1156 2447 rei
1187 2420 1378 2448 summam
1408 2406 1580 2448 nondum

229 2486 423 2535 attingere
453 2482 574 2526 addit.
624 2482 770 2524 Contra
791 2481 978 2536 Spinoza,
1008 2488 1053 2524 ut
1081 2487 1241 2538 proprie
1271 2468 1489 2539 loquamur,
1519 2487 1580 2525 ni-

228 2560 283 2601 hil
315 2562 485 2614 quaerit,
524 2573 639 2601 omne
679 2561 780 2613 enim
818 2558 957 2612 hahet,
996 2573 1115 2615 quum
1144 2560 1290 2604 habeat
1320 2561 1581 2604 substantiam

228 2639 316 2680 sive
347 2649 419 2678 ens
450 2635 652 2679 infinitum.
711 2637 859 2678 Rerum
889 2639 1007 2690 igitur
1036 2642 1330 2692 proprietatem,
1361 2652 1462 2693 quae
1493 2641 1581 2681 sine

1264 2711 1324 2777 2.

9 3106 147 3127 .,.«,,
194 3120 463 3127 ,mm-*Qum
551 3104 572 3127 2
796 3109 808 3127 ³
860 3107 926 3127 ...Ι
968 3097 1018 3127 h
1139 3113 1141 3115 ,
1202 3107 1211 3114 .,
1364 3109 1365 3112 ,
1811 3106 1862 3127 -Ι
