1892 3124
810 257 1110 299 ...42—

277 379 512 432 praemium,
550 374 627 417 sed
661 376 753 430 ipsa
789 377 935 426 virtus;
974 390 1051 417 nec
1090 375 1229 418 eadem
1267 376 1505 431 gaudemus,
1542 383 1636 435 quia

276 453 459 497 libidines
498 456 752 504 coercemus,
791 452 865 496 sed
898 458 1056 506 contra,
1094 456 1186 509 quia
1224 454 1364 497 eadem
1401 454 1634 509 gandemus,

275 531 365 573 ideo
411 529 597 573 libidines
645 535 835 573 coercere
877 544 1105 585 possumus.
1168 531 1256 573 Tali
1293 532 1411 574 modo
1449 534 1633 576 virtutem

276 608 452 664 Spinoza
498 609 669 648 omnium
716 621 846 649 rerum
892 610 1230 662 potentissimam,
1284 608 1401 651 Plato
1447 612 1633 664 optimam

276 698 371 727 esse
395 683 604 739 judicavit.
651 683 789 728 Facile
819 672 954 726 autem'
978 685 1218 739 intelligitur,
1249 684 1490 745 Spinozams
1506 685 1632 728 felici-

273 767 355 804 tate
387 776 476 804 cum
505 764 652 804 virtute
681 764 808 814 unita,
841 746 960 804 al'tius
987 762 1208 817 procedere
1228 777 1308 805 non
1327 766 1528 818 potuisse,
1558 763 1634 807 sed

273 842 313 882 in
352 841 482 882 ethica
512 844 710 895 quatenus
740 839 792 880 ad
824 840 950 881 solius
981 842 1126 882 mentis
1157 840 1304 882 cultum
1333 843 1524 896 pertinet,
1563 855 1632 884 ac-

274 919 498 973 quievisse:
537 917 736 959 Graecum
775 922 905 960 autem
937 918 1191 973 philosophia
1221 917 1274 960 ad
1302 919 1504 973 politicam
1535 933 1632 960 con-

274 994 443 1037 dendam
482 994 680 1050 perduxit.
744 993 944 1049 Spinozae
985 996 1115 1037 ethica
1157 1000 1220 1037 est
1249 995 1378 1037 solum
1409 996 1632 1050 subjectiva

274 1073 338 1125 (ut
376 1074 526 1113 nostris
564 1071 734 1112 vocibus
773 1073 904 1125 utar);
943 1071 1061 1113 Plato
1098 1073 1336 1126 objectivam
1366 1076 1633 1127 superstruxit

274 1149 535 1204 subjectivae.
599 1150 733 1202 Quum
779 1148 956 1204 Spinoza
1000 1164 1096 1191 vero
1145 1154 1185 1191 et
1224 1151 1424 1191 civitatem
1455 1152 1631 1205 apprime

274 1228 409 1268 utilem
450 1239 545 1267 esse
579 1225 738 1279 judicet
769 1231 809 1267 et
849 1228 1087 1279 cognitionis
1119 1227 1313 1268 humanae
1347 1232 1630 1280 argumentum,

274 1303 403 1354 deum,
435 1304 485 1345 ab
517 1306 622 1345 omni
643 1303 844 1344 hominum
867 1304 1111 1357 singulorum
1132 1305 1373 1358 proprietate
1397 1304 1631 1357 longissime

272 1385 434 1437 separet
464 1386 506 1421 et
535 1380 720 1421 omnibus
752 1394 958 1422 commune
989 1386 1107 1436 atque
1135 1382 1364 1423 universale
1395 1394 1489 1423 esse
1519 1382 1631 1433 velit,

272 1458 484 1513 disciplina
522 1459 612 1512 ejus
647 1458 832 1509 moralis,
871 1461 946 1500 etsi
977 1461 1015 1499 in
1056 1461 1280 1512 cognitione
1312 1464 1353 1500 et
1381 1462 1524 1509 mentis
1555 1473 1628 1514 po-

270 1538 349 1578 sita
379 1535 539 1587 labore,
569 1535 614 1577 fit
642 1540 774 1578 tamen
807 1534 1096 1590 quodammodo
1129 1536 1338 1590 objectiva.

359 1612 482 1655 Plato
525 1612 632 1667 quod
670 1613 839 1666 singulis
879 1615 1036 1653 virtutis
1076 1613 1289 1665 generibus
1324 1616 1520 1668 propriam
1558 1614 1628 1656 de-

272 1690 385 1731 derat
424 1692 505 1730 vim
544 1689 739 1743 aliamque
778 1703 912 1730 earum
952 1688 1004 1729 ad
1046 1689 1165 1728 alium
1204 1689 1400 1731 hominem
1430 1693 1629 1744 pertinere

271 1766 485 1818 docuerat,
531 1768 586 1807 ita
629 1770 675 1807 ut
715 1766 780 1807 hic
818 1768 944 1819 magis
976 1768 1238 1817 continentia,
1277 1766 1344 1807 ille
1375 1769 1502 1820 magis
1533 1781 1628 1822 pru-

272 1845 404 1886 dentia
435 1849 504 1885 aut
533 1842 763 1885 fortitudine
794 1849 990 1897 ageretur,
1022 1844 1240 1885 naturalem
1251 1842 1460 1894 hominum
1482 1859 1627 1900 aequa-

269 1924 418 1964 litatem
451 1922 659 1972 substulit,
707 1935 823 1974 quam
862 1919 1019 1974 quidem
1052 1920 1249 1975 Spinoza·‚
1289 1922 1444 1975 plurimi
1475 1922 1627 1963 faciens

268 1999 585 2053 uniuscujusque
616 1998 787 2039 hominis
816 1999 995 2048 animam,
1027 2010 1194 2038 servans
1226 1997 1450 2040 firmissime
1472 2012 1627 2041 omnem

270 2076 451 2117 ordinum
498 2075 769 2116 diversitatem
815 2087 895 2114 non
944 2080 1128 2124 naturae,
1186 2074 1262 2115 sed
1311 2076 1526 2116 voluntatis
1562 2057 1626 2117 vel

270 2155 386 2194 etiam
417 2153 693 2207 perversitatis
724 2151 920 2192 humanae
952 2163 1046 2192 esse
1066 2151 1163 2192 vult.
1202 2150 1357 2193 Etenim
1388 2152 1495 2206 apud
1525 2154 1626 2193 anti-

269 2242 371 2286 quos
403 2232 559 2270 omnino
593 2242 640 2270 ea
672 2228 840 2269 obtinuit
869 2230 1022 2281 opinio,
1055 2242 1077 2268 e
1106 2227 1212 2268 bono
1243 2230 1329 2269 viro
1359 2228 1488 2269 bonos
1508 2228 1625 2279 filios,

267 2322 291 2349 e
321 2307 425 2349 malo
459 2306 587 2349 malos
618 2305 751 2348 solere
781 2306 1001 2360 procreari:
1041 2306 1104 2346 cui
1135 2307 1357 2347 sententiae
1387 2308 1552 2347 maxime
1582 2311 1627 2347 ut

267 2385 456 2439 Spartani
486 2385 846 2437 antiquissimarum
876 2396 1008 2424 rerum
1038 2384 1306 2437 tenacissimi,
1336 2385 1392 2424 ita
1411 2385 1626 2424 aristocra-

265 2464 345 2503 tiae
376 2463 529 2503 amicus
559 2459 678 2501 Plato
709 2459 902 2502 faverunt.
964 2460 1022 2500 At
1058 2460 1198 2512 religio
1239 2459 1483 2511 Christiana,
1524 2474 1626 2514 quae

266 2552 405 2580 omnes
437 2539 618 2580 homines
650 2537 715 2580 dei
748 2550 842 2579 esse
871 2537 1022 2578 liberos
1053 2541 1173 2590 atque
1203 2536 1256 2578 ad
1285 2550 1423 2579 omnes
1444 2539 1624 2579 veritatis

267 2615 427 2657 divinae
473 2620 513 2656 et
559 2617 822 2668 cognitionem
870 2620 911 2656 et
957 2615 1126 2656 salutem
1173 2616 1372 2668 pertinere
1417 2617 1625 2668 praecipit,

264 2692 494 2736 nullomodo
526 2706 781 2749 quemquam,
814 2706 862 2734 ex
893 2706 970 2749 qno
1002 2687 1189 2745 innotuit,
1221 2691 1329 2734 aliud
1347 2692 1452 2747 juris
1476 2691 1625 2747 publici

1505 0 1509 3 <
1548 0 1552 6 w
1577 0 1781 25 wm-w11v...]
