1911 3093
140 26 442 131 *ψ

196 144 322 197 *Ya-
375 138 382 144 ’

186 226 193 236 ,
772 238 830 247 ,,
890 217 947 275 ,⁴⁵
1010 237 1067 248 ,-

246 334 380 379 ferret.
423 333 562 391 Itaque
592 337 774 390 virtutem
806 337 939 378 colere
968 336 1168 391 publicum
1198 334 1243 377 fit
1272 334 1458 387 officium,
1489 333 1599 389 quod

246 411 353 468 apud
383 412 595 469 Spinozam
626 418 689 456 est
713 415 1035 470 privatissimnm.
1089 412 1298 456 Caeterum
1329 413 1395 456 hic
1425 414 1598 454 omnium

246 489 442 531 hominum
472 504 590 532 unam
619 493 801 552 virtutem
833 506 926 533 esse
957 490 1071 531 dixit:
1102 490 1283 531 Graecus
1304 495 1447 540 autem,
1478 502 1597 542 quum

247 566 383 620 plnres
420 569 600 618 virtutos
623 570 921 628 Quentmsset
966 580 1099 608 earum
1145 565 1197 607 ad
1235 579 1411 608 normam
1452 567 1597 607 civium

248 641 409 683 ordines
440 629 647 697 concepit}
643 642 861 694 diversos,
897 643 1023 693 adeo,
1059 648 1104 683 ut
1141 656 1219 683 non
1249 656 1387 684 omnes
1416 642 1598 696 philoso-

248 718 361 773 phari
407 722 449 759 et
492 716 546 760 ad
582 730 728 760 verum
765 717 1086 773 cognoscendum
1131 732 1225 761 sese
1265 719 1422 762 elevare
1462 732 1600 775 posse,

250 795 491 837 contendere
521 809 645 838 auus
674 799 739 837 sit.

339 872 455 913 Alter
483 874 639 913 unicam
676 873 832 913 virtutis
870 875 1069 925 speciem,
1109 872 1331 926 complures
1370 878 1522 923 autem,
1560 875 1601 912 in

251 948 393 1002 quibus
422 948 526 990 bene
543 950 629 988 -viri
658 952 818 1002 posset,
850 949 1049 988 civitatum
1079 947 1239 998 formas,
1269 949 1370 989 alter
1398 949 1601 1003 complura

250 1027 434 1066 virtutum
475 1038 642 1077 genera,
678 1026 836 1065 unicum
872 1028 1004 1065 autem
1038 1025 1209 1077 optimae
1248 1024 1488 1078 reipublicae
1516 1029 1602 1067 nt·-

252 1177 438 1229 firmavit,
475 1191 594 1232 quum
633 1179 802 1218 omnium
843 1176 1068 1234 voluntates
1105 1176 1158 1218 ad
1186 1176 1385 1230 publicam
1414 1191 1464 1218 ac
1495 1190 1603 1218 com-

253 1267 408 1295 munem
445 1254 612 1295 salutem
649 1255 705 1294 ita
742 1253 1032 1304 conferrentur,
1072 1258 1117 1293 ut
1155 1266 1293 1294 omnes
1330 1267 1448 1295 unum
1488 1256 1603 1308 quasi

255 1344 402 1385 corpus
441 1343 635 1384 unamque
674 1331 852 1371 animam'
872 1328 1113 1370 conficerent
1156 1355 1204 1363 —
1247 1343 1324 1383 quo
1362 1343 1461 1371 sane
1499 1328 1605 1371 dicto

255 1406 432 1462 Spinoza
469 1406 522 1448 ad
548 1405 730 1448 Platonis
769 1406 1011 1459 analogicam
1048 1408 1237 1447 rationem
1275 1409 1451 1461 proxime
1487 1420 1606 1450 acce-

257 1482 325 1525 dit.
386 1483 540 1524 Neuter
576 1496 672 1523 vero
706 1484 808 1536 justi
846 1487 1021 1523 naturam
1059 1484 1158 1523 satis
1188 1485 1402 1536 perspexit.
1460 1483 1606 1524 Nonne

258 1561 359 1599 enim
387 1560 688 1612 injustissimum
716 1563 792 1609 est,
821 1560 1065 1599 matrimonia
1092 1559 1263 1609 solvere,
1293 1558 1500 1600 admittere
1520 1573 1608 1600 ser-

256 1637 440 1686 vitutem,
480 1634 690 1676 secludere
728 1634 920 1675 barbaros
960 1648 985 1675 a
1023 1635 1128 1675 civili
1160 1635 1386 1676 conditione
1422 1659 1470 1668 —
1506 1649 1608 1690 quae

258 1713 387 1753 omnia
423 1710 540 1753 Plato
578 1710 698 1753 fecit?
758 1710 903 1764 Neque
940 1712 1054 1752 aliter
1091 1710 1286 1765 Spinoza,
1326 1711 1433 1766 quod
1473 1715 1608 1754 unius-
1903 1700 1911 1735 ³

260 1789 452 1842 cujusque
490 1787 657 1828 hominis
696 1787 784 1828 sola
812 1789 988 1840 potentia
1019 1792 1059 1828 et
1088 1788 1290 1829 voluntate
1322 1791 1512 1830 contineri
1537 1789 1608 1842 jus

260 1863 390 1913 docet,
416 1864 608 1916 justitiam
639 1875 903 1913 communem,
942 1875 1021 1916 qua
1050 1865 1086 1903 ei
1116 1863 1368 1916 nihilominus
1398 1877 1502 1918 opus
1532 1869 1609 1914 est,

259 1939 435 1982 funditus
473 1938 629 1980 videtur
658 1939 886 1980 sustulisse.
945 1932 1098 1981 Etenim
1132 1940 1232 1992 justi
1261 1942 1461 1981 notionem
1490 1939 1608 1981 Plato

261 2029 386 2069 aequo
426 2016 552 2067 magis
589 2013 827 2065 extendens,
872 2019 913 2054 et
950 2016 1141 2067 privatam
1179 2017 1298 2056 vitam
1337 2016 1532 2058 destruxit
1570 2021 1612 2057 et
1904 2005 1911 2034 ³

260 2092 480 2134 libertatem
518 2091 678 2132 sustulit
711 2090 795 2131 fere
826 2103 977 2132 omnem
989 2105 1001 2141 ;
1042 2090 1216 2145 Spinoza
1245 2094 1363 2133 nimis
1394 2095 1613 2134 coarctavit

220 2188 230 2194 ·
263 2175 303 2211 et
333 2170 557 2210 extenuavit
588 2172 648 2217 et,
677 2168 733 2207 uti
764 2167 940 2219 solemus
971 2166 1127 2219 dicere,
1157 2171 1342 2221 negativa
1371 2174 1522 2213 tantum
1552 2168 1612 2212 fa-

263 2247 408 2289 cultate
437 2246 630 2287 instruxit.
1309 2274 1312 2277 ,

353 2321 422 2363 Ad
451 2320 688 2363 servandum
720 2323 890 2362 civitatis
922 2326 1068 2363 statum
1098 2324 1312 2376 integrum,
1342 2322 1541 2375 moribu‘ssz.
1545 2316 1643 2367 35-

263 2402 369 2441 vium
405 2401 506 2454 ipsis
543 2397 661 2440 Plato
699 2412 891 2441 summam
920 2399 1056 2441 tribuit
1085 2403 1358 2442 auctoritatem
1389 2415 1438 2442 ac
1468 2400 1614 2442 libero-

264 2489 349 2516 rum
396 2475 635 2515 educationis
663 2480 705 2515 et
748 2477 982 2516 institutioni
1027 2488 1187 2529 operam
1231 2476 1315 2517 dari
1347 2476 1465 2528 jubet
1500 2489 1617 2529 quam

265 2552 442 2602 maxime,
472 2564 524 2591 ne
553 2552 706 2599 interna
735 2553 949 2594 animarum
978 2554 1220 2609 praestantia
1241 2552 1384 2603 deleta,
1414 2551 1618 2605 libidinum

268 2633 429 2670 externa
457 2630 709 2671 incitamenta
739 2628 962 2672 obtineant:
993 2634 1132 2672 contra
1161 2628 1335 2683 Spinoza
1362 2642 1458 2681 „res
1486 2628 1617 2683 publi-
