1924 3120
401 1151 587 1197 PLATo
626 1152 699 1196 ET
737 1150 970 1197 srmozA
1010 1150 1343 1198 Pmosopm
1377 1152 1547 1210 mma

756 1248 829 1309 sn
855 1263 1196 1310 COMPARATI.

299 1612 433 1680 Quod
462 1636 564 1676 inter
594 1647 733 1677 omnes
764 1636 913 1677 scimus
944 1638 1148 1687 constare,
1186 1647 1305 1676 unum
1344 1648 1538 1691 quemque
1577 1636 1650 1678 ho-

297 1714 439 1755 minem
471 1714 575 1754 vitae
606 1696 724 1763 suae,
762 1714 904 1754 aetatis
943 1716 1062 1766 atque
1092 1714 1243 1766 patriae
1273 1711 1565 1755 conditionibus
1595 1716 1650 1756 ita

298 1802 392 1831 esse
422 1789 657 1843 subjectum,
689 1793 733 1830 ut
762 1788 811 1830 ab
843 1790 893 1829 iis
925 1790 1173 1843 emancipare
1204 1801 1299 1831 sese
1329 1788 1414 1831 fere
1444 1802 1524 1831 non
1553 1802 1650 1845 pos-

296 1868 366 1907 sit:
397 1866 436 1907 id
465 1866 558 1906 mihi
588 1866 665 1906 hoc
695 1865 783 1905 loco
812 1863 1108 1918 rependendum
1136 1869 1211 1916 est,
1242 1879 1361 1919 quum
1389 1865 1442 1906 ad
1468 1865 1649 1908 Platonis

296 1956 344 1983 ac
365 1940 563 1997 Spinozae
590 1940 915 1997 philosophorum
943 1940 1131 1984 accedam
1159 1944 1503 1997 comparationem.
1543 1942 1648 1985 Nam

296 2033 345 2059 ne
376 2018 470 2073 quid
501 2021 720 2073 omittatur,
761 2019 942 2062 conferre
979 2022 1097 2061 etiam
1133 2032 1182 2061 ea
1212 2021 1421 2071 constitui,
1456 2033 1559 2074 quae
1589 2022 1649 2061 vi-

296 2095 439 2137 dentur
467 2094 638 2138 fortasse
667 2096 795 2146 minus
824 2095 1029 2141 fructuosa
1051 2109 1184 2153 neque
1213 2095 1266 2138 ad
1293 2109 1377 2137 rem
1405 2109 1533 2138 meam
1560 2095 1648 2138 ido-

294 2188 388 2225 nea;
422 2188 469 2216 ea
498 2174 688 2225 nimirum,
724 2187 887 2231 quorum
918 2176 1050 2216 nativa
1079 2176 1119 2215 vi
1150 2174 1328 2216 homines
1359 2178 1557 2230 tamquam
1587 2177 1648 2216 in-

224 2288 226 2290 ,
294 2255 470 2294 scientes
490 2256 702 2306 tanguntur
721 2265 769 2293 ac
791 2251 1078 2302 devinciuntur,
1107 2253 1272 2306 patriam
1301 2250 1404 2303 dico,
1432 2251 1648 2294 litterarum

293 2334 439 2372 statum
461 2334 580 2387 atque
600 2332 752 2380 artium,
781 2331 946 2372 maxime
974 2327 1245 2381 eruditionem,
1276 2343 1352 2384 qua
1373 2328 1424 2372 ad
1445 2329 1647 2372 formanda

293 2409 449 2461 ingenia
479 2408 575 2449 nihil
606 2407 820 2452 efficacius.
879 2412 883 2416 ’
1026 2442 1028 2444 .

287 2514 299 2532 -,
382 2485 445 2526 Ac
475 2484 594 2527 Plato
624 2490 742 2528 natus
774 2490 838 2527 est
856 2485 1028 2527 Athenis
1059 2483 1201 2527 eodem
1230 2497 1352 2538 anno,
1383 2497 1462 2539 quo
1493 2483 1648 2526 furente

292 2560 397 2602 beilo
435 2559 781 2615 Peloponnesiaco
821 2561 1032 2605 defunctus
1062 2560 1245 2604 Pericles
1284 2574 1475 2603 summam
1513 2563 1646 2616 reipu-

292 2637 420 2684 blicae
447 2637 610 2692 gloriam
638 2652 776 2681 secum
806 2642 845 2681 in
867 2639 1018 2683 Orcum
1045 2627 1202 2682 videfllr
1221 2639 1449 2682 abstulisse.
1494 2638 1646 2693 Quam-

291 2718 353 2759 vis
386 2717 488 2759 enim
525 2730 677 2760 summa
708 2723 820 2761 esset
851 2723 987 2761 exorta
1018 2720 1161 2773 civium
1192 2719 1406 2770 contentio,
1436 2722 1480 2759 ut
1509 2730 1647 2774 repor-

1820 15 1823 18 '
1818 0 1830 3 ⁴

1923 801 1924 804 „
1914 617 1924 756 Q„-
