1905 3131
797 256 863 267 ....
916 235 974 279 29
1034 256 1102 267 ,-

271 366 361 394 num
394 366 487 397 esse
507 358 657 398 censet.
705 355 769 397 Ac
788 353 969 398 Platonis
991 355 1090 398 deus
1112 369 1240 399 rerum
1263 359 1327 399 est
1350 368 1473 399 causa
1492 359 1625 398 trans-

271 433 358 473 iens
385 412 673 489 -jf'ficundum
704 436 878 489 ipsarum
908 434 1014 476 Fieri
1039 461 1089 471 -
1122 434 1322 490 Spinozae
1354 434 1456 477 deus
1486 438 1623 477 imma-

270 523 370 551 nens
392 532 448 541 -—
470 511 687 554 secundum
725 514 898 566 ipsarum
928 511 1033 554 Esse
1062 536 1125 556 -.
1157 512 1459 568 ,Compar-amus
1488 515 1623 569 itaque

272 600 359 627 eum
400 587 598 642 Spinozae
643 588 865 630 substantia
910 591 1075 643 primum
1119 588 1248 631 ideam
1290 590 1503 642 existendi,
1545 604 1622 645 qua

271 677 358 705 cum
390 666 612 706 arctissime
642 663 857 706 cohaerent
886 667 999 719 quies
1032 670 1072 707 et
1101 671 1233 708 motus
1256 690 1312 698 ——
1329 665 1502 721 Spinoza
1524 680 1621 709 vero

271 743 442 795 quietem
474 755 522 783 ac
551 746 697 783 motum
725 741 777 783 ad
798 743 1042 783 existentiam
1063 756 1140 783 non
1164 746 1405 794 universam,
1439 744 1514 786 sed
1535 758 1622 786 eam

269 823 417 861 tantum
448 818 590 875 refert,
623 833 724 876 quae
754 818 829 861 sub
861 821 1102 862 extensionis
1132 821 1317 864 attributo
1349 820 1625 864 consideratur

270 919 328 926 —-
358 896 501 939 deinde
547 903 767 940 ceterarum
813 896 988 939 idearum
1028 899 1296 954 complexum,
1336 913 1454 954 porro
1493 899 1622 942 ideam

269 975 382 1027 boni,
415 975 584 1031 denique
616 975 732 1018 deum
761 974 965 1027 Platonis,
1004 982 1205 1031 postremo
1244 979 1443 1019 materiam
1482 980 1622 1033 ipsam.

267 1051 438 1093 Materia
467 1066 562 1094 sese
594 1053 768 1095 extendit
799 1059 840 1095 et
869 1054 1017 1096 infinita
1038 1060 1118 1104 est,
1149 1053 1352 1108 parimodo
1380 1054 1623 1104 substantia3

268 1129 361 1171 boni
391 1129 481 1172 idea
511 1131 784 1173 sufficientiam
817 1134 856 1173 in
888 1147 935 1174 se
967 1134 1163 1183 continet,
1195 1146 1273 1173 non
1304 1132 1419 1174 aliter
1448 1145 1497 1173 ac
1527 1131 1623 1174 sul)-

269 1210 431 1260 stantia‚
463 1207 645 1250 diversae
676 1208 790 1251 ideae
809 1223 939 1250 rerum
959 1214 1137 1265 nssiram
1159 1211 1422 1260 constituunt,
1452 1214 1497 1249 ut
1526 1209 1622 1250 sub-

268 1288 431 1338 stantia,
470 1285 570 1328 deus
607 1286 785 1339 tandem,
824 1290 890 1342 qui
928 1267 1023 1329 sub³
1041 1285 1135 1328 boni
1173 1285 1263 1328 idea
1309 1291 1349 1327 et
1386 1285 1622 1328 sufficientis

268 1362 504 1418 adspicitur,
534 1366 574 1404 in
604 1364 826 1405 substantia
841 1363 1040 1418 Spinozae
1069 1361 1276 1428 reffiritur.
1315 1363 1465 1405 Verum
1488 1368 1619 1405 tamen

269 1441 393 1483 altera
424 1456 472 1483 ex
501 1446 614 1496 parte
643 1440 823 1483 Judaeus
851 1455 924 1496 per
955 1456 1066 1484 suam
1097 1429 1358 1497 substantiam
1389 1443 1620 1496 proprietati

267 1532 396 1560 rerum
419 1518 556 1571 obest,
587 1532 702 1574 quam
723 1524 885 1561 servant
911 1518 1045 1569 ideae,
1076 1532 1205 1574 neque
1225 1521 1324 1560 satis
1345 1519 1623 1573 cogitationem

268 1597 318 1638 ab
350 1599 557 1639 existentia
588 1596 783 1649 distinxit;
814 1610 943 1656 rerum
975 1602 1181 1652 praeterea
1200 1596 1337 1649 finem,
1369 1598 1526 1638 omnino
1557 1610 1622 1638 or-

267 1677 493 1727 ganicarum
522 1673 795 1716 formationum
834 1679 1030 1726 naturam,
1063 1665 1467 1739 creationemdipsam
1504 1678 1623 1728 atque

1286 1731 1367 1748 ‘w
1427 1750 1623 1802 Graecus,

1388 1846 1394 1859 τ
1422 1826 1622 1869 deducere

267 1766 397 1794 rerum
429 1751 718 1803 diversitatem,
750 1765 851 1806 quae
881 1754 1011 1793 omnia
1043 1751 1241 1806 explicare

267 1830 332 1871 vel
361 1827 536 1872 funditus
567 1832 726 1880 evertit,
757 1829 823 1869 vel
854 1834 963 1870 certe
995 1828 1045 1869 de
1075 1828 1299 1885 principio
1377 1880 1379 1882 ι

267 1909 402 1962 nequit
432 1912 472 1948 et
508 1905 803 1960 tergiversatur.
850 1906 1004 1948 Bonum
1035 1920 1155 1958 vero,
1188 1905 1295 1961 quod
1324 1886 1441 1947 Plato
1480 1905 1621 1960 physi-
1684 1904 1689 1908 ’

269 1999 338 2027 ces
370 1983 656 2039 quodammodo
688 1986 921 2038 principium
951 1984 1046 2025 facit
1076 1998 1124 2024 ac
1161 1985 1316 2038 plurimi
1355 1983 1494 2034 habet,
1525 1982 1622 2037 Spi-

266 2076 367 2105 noza
396 2061 448 2104 ad
478 2061 645 2107 ethicam
676 2062 829 2115 relegat
858 2066 898 2102 et
927 2061 1149 2119 relativam,
1181 2074 1295 2115 quam
1328 2059 1518 2112 dicimus,
1548 2074 1622 2102 no-

266 2143 412 2182 tionem
443 2153 536 2180 esse
565 2139 651 2179 vult
680 2143 798 2192 atque
828 2138 878 2179 ab
909 2138 1076 2179 utilitate
1108 2136 1429 2219 dependente*
1445 2137 1621 2180 Maxime

267 2224 396 2261 autem
428 2218 617 2271 exstirpat
648 2213 806 2257 causam
841 2214 944 2257 finis.
991 2213 1102 2256 Finis
1141 2216 1242 2255 enim
1280 2221 1447 2276 prorsus
1479 2228 1621 2271 expet-

266 2302 346 2339 tem
364 2296 493 2338 deum
524 2298 739 2336 creatorem
772 2306 866 2335 esse
890 2291 1065 2346 judicat,
1096 2306 1213 2347 quum
1235 2290 1351 2334 Plato
1385 2291 1503 2335 deum
1534 2307 1620 2335 om·

265 2377 331 2417 nia
362 2374 591 2417 elaborasse
621 2371 788 2414 affirmet
816 2369 869 2412 ad
898 2368 1074 2412 idearum
1108 2354 1344 2427 exemplar,
1362 2371 1478 2425 eujus
1509 2370 1620 2413 diffe-

265 2454 414 2499 rentiae
446 2466 493 2493 ea
525 2456 588 2492 est
617 2453 702 2501 vis,
732 2454 776 2490 ut
805 2448 871 2489 ille
900 2453 1025 2489 totum
1055 2448 1242 2490 mundum
1272 2447 1325 2490 ad
1355 2462 1516 2507 causpm
1534 2449 1621 2491 effi-

267 2531 433 2571 cientem
472 2542 520 2570 ac
558 2529 837 2570 necessitatem
875 2524 1088 2578 reducere,
1126 2526 1193 2585 hic
1231 2527 1361 2568 omnia
1399 2512 1636 2591 secund-13³3

264 2605 380 2646 finem
412 2605 609 2660 explicare
640 2609 814 2647 conetur.
946 2661 950 2665 ἢ
1139 2653 1141 2655 ¹

353 2682 421 2726 Ad
452 2687 626 2725 creatum
655 2681 841 2724 mundum
871 2686 1156 2745 ηψπ),
1187 2680 1363 2737 Spiuoza
1385 2681 1621 2739 plerumque
