1905 3104
745 224 1041 269 -15—

218 346 303 397 tiae,
317 349 478 400 notioni,
507 347 819 398 luculentissimo
843 347 1021 401 exemplo
1043 350 1179 401 potest
1193 343 1375 387 indicavi.
1426 339 1472 386 In
1493 341 1573 385 So-

218 426 352 482 phista
380 424 496 469 Plato
530 423 581 472 ‘co'
609 425 664 473 ὂν
693 426 808 482 (ens,
844 424 1124 482 substantiam)
1164 425 1410 467 demonstrat
1439 435 1570 477 neque

218 513 337 554 m
367 519 497 560 neque
525 507 648 548 multa
685 521 782 553 esse
815 520 961 560 posse,
999 520 1127 560 neque
1166 517 1401 559 corporeum
1440 515 1571 555 neque

219 583 435 636 spirituale.
487 582 600 635 Quid,
626 582 726 628 inde,
749 582 983 632 concludit?
1007 579 1063 626 τό.
1088 578 1142 626 ὅν
1173 595 1267 623 esse
1298 577 1572 624 intermedium

218 659 357 703 horum
396 661 585 711 omnium,
631 659 684 705 ad
719 663 848 706 omnia
887 665 1018 703 autem
1055 661 1254 712 pertinere
1293 672 1366 712 per
1403 657 1572 710 aliquam

222 736 536 790 conjunctionem
559 736 799 794 (μέθεξινῂ
832 738 947 791 cujus
970 735 1316 778 demonstrationis
1336 733 1574 788 hypothesis

220 828 268 855 ac
298 816 517 869 propositio
548 816 675 868 major
705 820 785 858 est:
819 828 936 856 esse
965 809 1014 857 τὸ
1045 811 1111 856 ὃν.
1162 811 1289 853 Simili
1327 810 1445 854 modo
1477 809 1573 865 Spi-

220 905 321 939 noza
356 891 447 938 Eth.
486 890 517 934 L
555 890 646 934 VII.
690 894 904 934 essentiam
942 890 1189 933 substantiae
1237 889 1333 932 dicit
1369 888 1574 937 involvere

221 972 481 1017 existentiam.
542 969 629 1010 Hae
660 971 900 1020 sententiae,
938 968 1083 1022 quibus
1112 968 1210 1008 nihil
1248 981 1346 1008 sane
1383 965 1575 1008 audacius

220 1051 357 1102 potest
386 1047 490 1100 fingi,
521 1060 673 1091 summa
702 1047 770 1088 illa
801 1044 1001 1098 cogitandi
1034 1050 1074 1086 et
1104 1042 1298 1086 existendi
1319 1039 1574 1126 ηψπ-

221 1123 373 1167 dantur.
1032 1141 1034 1144 ·
1063 1128 1099 1146 ‘⁴²-
1395 1121 1409 1143 ²

310 1202 469 1244 Deinde
500 1207 643 1253 autem,
674 1215 775 1255 quae
805 1200 889 1242 fere
921 1205 984 1243 est
1014 1202 1157 1252 ingenii
1179 1200 1336 1242 humani
1358 1201 1575 1241 communis

221 1281 457 1335 proprietas,
486 1283 652 1333 uterque
681 1278 973 1333 philosophiam
1005 1276 1136 1330 dirigit
1165 1276 1217 1319 ad
1245 1260 1393 1331 aliquid
1413 1276 1575 1319 ahsolu-

221 1362 305 1399 tum
336 1361 377 1398 et
405 1355 623 1410 perfectum
653 1369 701 1396 ac
731 1354 961 1408 principale,
993 1354 1102 1407 quod
1131 1367 1286 1395 omnem
1305 1357 1512 1395 veritatem
1530 1356 1574 1396 in

223 1448 270 1476 se
301 1435 500 1475 contineat
528 1445 730 1487 puraeque
761 1433 997 1492 cognitionis
1027 1433 1081 1472 sit
1110 1430 1323 1485 objectum.
1383 1430 1442 1474 Ea
1473 1444 1573 1486 quo-

222 1513 326 1553 niam
356 1511 553 1551 sententia
583 1510 708 1550 altera
738 1498 964 1549 nostrorum
994 1508 1320 1562 philosophorum
1351 1513 1415 1549 est
1443 1509 1574 1562 hypo-

222 1588 371 1639 thesis,
408 1588 492 1641 jam
521 1586 747 1638 videamus,
785 1584 982 1640 quomodo
1013 1598 1061 1626 se
1091 1585 1247 1627 haheat.
1309 1586 1374 1627 Ac
1410 1587 1577 1640 primum

225 1664 382 1718 quidem
402 1662 578 1717 Spinoza
598 1663 714 1704 deum
744 1662 1021 1718 philosophiae
1052 1675 1150 1703 suae
1170 1665 1361 1703 summam
1381 1677 1430 1704 ac
1450 1676 1578 1717 paene

223 1743 379 1784 unicam
408 1740 751 1791 notionem‘facit,
793 1753 908 1793 quem
939 1738 1037 1783 dicit
1067 1753 1160 1781 esse
1191 1740 1452 1781 substanfiam
1483 1755 1578 1781 eun-

226 1816 394 1871 demque
424 1816 627 1862 infinitum.
687 1816 764 1858 Hic
795 1822 858 1858 est
888 1819 1116 1867 sui-causa,
1146 1830 1220 1870 per
1249 1830 1298 1859 se
1327 1819 1577 1871 consistens;

225 1907 433 1947 rerumque
472 1896 589 1941 etiam
627 1897 844 1937 immanens
875 1908 1019 1946 causa,
1058 1895 1173 1948 cujus
1213 1910 1236 1936 e
1273 1900 1413 1937 natura
1449 1897 1580 1937 omnia

225 1976 386 2014 aeterno
417 1970 534 2012 modo
566 1974 654 2013 sive
684 1971 899 2013 inevitabili
929 1974 1172 2013 necessitate
1192 1978 1422 2026 sequuntur.
1459 1972 1576 2014 Plato

226 2047 303 2093 sihi
333 2050 641 2095 minusconstat
664 2051 704 2090 in
725 2048 950 2091 defiuitione
971 2048 1090 2100 illius,
1120 2047 1228 2103 quod
1247 2050 1301 2090 sit
1329 2046 1379 2092 τὸ
1410 2043 1578 2093 α’νυπό-

228 2125 366 2171 δειον.
428 2125 533 2168 Sunt
562 2128 664 2168 enim
694 2126 828 2176 ideae,
867 2139 965 2178 quas
985 2128 1115 2166 retiam
1143 2139 1240 2166 vere
1272 2128 1488 2167 existentes
1519 2126 1580 2167 fa-

227 2205 299 2246 cit:
330 2217 453 2257 super
483 2217 587 2256 quas·
613 2216 750 2245 omnes
780 2205 892 2257 ponit
921 2201 1186 2244 ideamhoni.
1235 2201 1359 2245 Immo
1390 2203 1443 2245 ad
1464 2203 1581 2245 deum

227 2293 321 2323 sese
353 2277 527 2323 extendit
556 2281 828 2335 conceptione.
881 2278 1083 2332 Quocirca
1111 2278 1251 2322 videre
1272 2285 1337 2323 est
1355 2280 1465 2336 apud
1484 2280 1580 2336 Spi-

225 2371 365 2403 nozam
395 2371 586 2401 summam
615 2360 814 2398 notionem
844 2370 892 2398 ac
911 2358 1170 2416 principalem
1190 2372 1286 2400 esse
1306 2359 1581 2409 substantiam,

227 2446 328 2487 quae
365 2447 521 2477 omnem
557 2437 762 2477 veritatem
800 2436 840 2474 in
877 2447 925 2476 se
961 2434 1102 2487 hahet,
1141 2434 1194 2477 ad
1232 2449 1348 2491 quam
1388 2440 1430 2477 et
1467 2448 1581 2477 mens

225 2515 363 2552 nostra
401 2510 579 2563 dirigitur
625 2519 676 2555 et.
702 2513 817 2564 cujus
853 2516 1006 2552 tantum
1043 2512 1230 2554 attributa
1265 2513 1451 2567 modique
1489 2518 1582 2554 sunt

227 2594 384 2632 ceterae
396 2591 597 2633 notiones.
607 2603 656 2632 ae
675 2602 763 2631 res:
782 2587 991 2632 Platonem
1005 2603 1103 2632 vero
1117 2590 1379 2635 substantiam
1392 2584 1581 2643 (uniatur,

226 2665 291 2712 τὸ,
306 2664 394 2721 ὄν)
419 2669 651 2720 uuiversum
680 2667 840 2730 quidem
867 2668 1146 2722 philosophiae
1182 2668 1333 2710 fecisse
1370 2667 1584 2720 objectum,
