1892 3127
820 240 1117 288 ..ιθ-

288 364 361 411 sed
392 381 471 409 non
501 366 753 421 acquievisse
783 368 822 406 in
853 366 940 418 illa,
978 366 1053 408 sed
1092 370 1137 407 ut
1167 378 1254 407 eam
1291 368 1418 420 magis
1451 365 1645 419 definiret,

287 445 338 488 ad
368 445 460 486 boni
491 445 690 486 notionem
723 448 764 485 et
794 442 858 485 dei
889 444 1081 485 creatoris
1113 441 1364 487 ascendisse.
1412 443 1551 499 Longe
1572 447 1644 499 igi-

285 528 349 563 tur
378 523 455 563 alia
487 526 551 562 est
579 520 761 562 Platonis
793 520 1019 563 substantia
1049 526 1169 575 atque
1191 520 1402 575 Spinozae.
1444 521 1521 563 Hic
1543 525 1644 563 enim

286 612 404 654 quum
442 596 632 640 mundum
671 600 711 639 in
742 596 842 640 duas
874 600 987 653 quasi
1018 603 1156 653 partes
1186 596 1438 652 diremisset,
1478 600 1644 642 alteram

283 678 428 717 mentis
467 678 554 718 sive
596 675 814 730 cogitandi,
852 675 1015 718 alteram
1048 689 1279 731 corpoream
1310 679 1397 719 sive
1428 682 1644 729 extensam,

283 754 358 796 has
389 759 525 809 partes
556 754 632 796 sub
663 768 742 796 una
773 752 991 808 eademque
1023 753 1217 796 existendi
1248 758 1421 808 notione,
1453 770 1554 810 quae
1583 759 1646 797 est

283 831 520 883 substantia,
551 834 604 873 ita
635 831 760 872 voluit
791 833 960 886 concipi,
990 836 1034 873 ut
1063 845 1193 886 neque
1224 835 1402 875 extensio
1424 847 1553 888 neque
1575 846 1644 874 co-

283 912 419 963 gitatio
441 909 590 964 aliquid
611 912 795 963 propriae
825 911 1038 963 potestatis
1068 910 1274 961 haberent,
1305 910 1380 952 sed
1405 910 1646 958 referrentur

282 992 433 1029 tantum
464 985 517 1029 ad
546 986 807 1028 substantiam
838 991 882 1028 ut
912 986 1113 1031 attributa.
1166 986 1283 1029 Plato
1316 992 1446 1031 autem
1477 990 1643 1044 primum

283 1065 575 1119 contemplatus
607 1063 1054 1139 externumssmundum,
1093 1078 1210 1118 quum
1241 1066 1346 1106 illam
1379 1065 1572 1107 existendi
1604 1071 1644 1106 et

284 1140 483 1195 cogitandi
513 1143 696 1191 un'pnem
728 1136 900 1198 mma.
924 1141 1147 1183 substantia
1178 1147 1406 1196 quaereret,
1437 1144 1545 1184 initio
1577 1156 1642 1183 re-

282 1232 366 1259 rum
397 1217 546 1272 figuras
577 1230 625 1258 ac
656 1216 825 1268 formas,
856 1231 958 1271 quae
990 1222 1030 1258 et
1061 1231 1149 1258 cum
1181 1223 1313 1259 mente
1344 1215 1543 1273 congruae
1576 1232 1641 1260 es-

281 1302 373 1339 sent
412 1302 452 1338 et
489 1298 591 1351 ipsis
630 1294 895 1337 adhaererent
932 1295 1077 1350 rebus,
1116 1310 1213 1337 vere
1256 1298 1448 1347 existere,
1496 1294 1641 1338 deinde

281 1372 528 1429 *formam
561 1376 690 1417 omnia
720 1376 919 1429 pertinere
946 1372 1159 1428 judicavit,
1197 1387 1298 1427 quae
1337 1372 1557 1428 praedicari
1590 1372 1641 1414 de

281 1451 405 1493 rebus
436 1458 625 1506 possent,
664 1466 806 1506 porro,
855 1454 1037 1506 quoniam
1077 1453 1204 1494 omnis
1242 1450 1368 1504 figura
1408 1466 1430 1492 e
1467 1453 1525 1492 rei
1562 1450 1640 1492 fine

281 1534 529 1584 repeteretur
568 1528 654 1580 (die
693 1528 854 1571 Gestalt
891 1526 1062 1582 griiudet
1099 1527 1187 1569 sich
1232 1527 1303 1568 auf
1337 1526 1413 1568 den
1453 1526 1638 1579 Zweck),

283 1620 371 1647 cum
417 1606 520 1647 ideis
566 1608 768 1660 conjunxit
812 1608 1012 1647 notionem
1052 1605 1141 1646 finis
1180 1604 1280 1657 (deu
1321 1603 1639 1658 Zweckbegriff).

283 1682 442 1736 Quibus
473 1682 596 1735 ideis,
638 1696 757 1737 quum
795 1696 891 1724 vere
923 1684 1139 1724 existentes
1172 1686 1329 1733 essent,
1367 1683 1639 1723 aeternitatem

282 1759 393 1802 dedit
424 1766 465 1802 et
495 1775 699 1802 numerum
730 1760 920 1802 infinitum
959 1765 1000 1801 et
1036 1759 1263 1801 facultatem
1302 1772 1397 1801 sese
1436 1759 1558 1801 rebus
1598 1764 1640 1801 et

281 1841 403 1881 menti
434 1837 688 1881 informandi:
726 1852 815 1880 nam
856 1840 946 1893 quia
976 1837 1041 1879 hic
1071 1851 1201 1879 rerum
1239 1836 1410 1879 mundus
1449 1839 1636 1880 materiae

280 1929 531 1970 nequaquam
565 1920 629 1957 est
667 1929 833 1970 expers,
870 1917 1058 1957 materiae
1098 1920 1229 1957 autem
1269 1914 1388 1969 plena
1429 1917 1638 1957 existentia

282 2006 361 2033 non
409 1995 616 2044 convenit,
664 2006 785 2034 verus
828 1998 892 2034 est
936 1998 976 2034 et
1016 1998 1203 2034 aeternus
1244 1991 1414 2034 mundus
1463 1995 1521 2044 is,
1571 1992 1639 2034 ubi

280 2069 408 2112 ideae·
427 2073 467 2111 in
499 2083 545 2111 se
577 2069 689 2110 solae
719 2071 858 2111 vivunt
887 2083 935 2111 ac
964 2074 1206 2124 spectantur.
1256 2068 1378 2123 Quod
1407 2071 1442 2110 si
1463 2068 1639 2124 Spinoza

283 2154 454 2190 mentem
495 2153 536 2190 et
575 2149 846 2190 extensionem
888 2146 1084 2190 discretas
1122 2146 1197 2189 sub
1238 2149 1353 2189 unius
1393 2146 1639 2189 substantiae

280 2228 441 2269 notione
463 2231 592 2280 ‘atque
622 2227 786 2281 imperio
808 2225 1021 2280 copulavit,
1051 2230 1097 2266 ut
1115 2224 1229 2267 fieret
1252 2227 1490 2266 monismus:
1520 2223 1637 2266 Plato

280 2306 448 2357 primum
506 2305 784 2356 cogitationem
834 2308 874 2344 et
921 2317 988 2345 res
1038 2308 1225 2363 extensas
1275 2301 1483 2356 disjunxit,
1542 2315 1637 2343 con-

276 2382 406 2435 junxit
438 2379 569 2423 denuo
600 2394 674 2435 per
703 2379 817 2422 ideas
857 2382 970 2435 quasi
1007 2378 1178 2431 medias3
1221 2377 1366 2422 deinde
1402 2375 1515 2421 ideas
1554 2393 1638 2431 eas,

280 2472 381 2512 quae
413 2460 532 2499 menti
562 2463 723 2500 nostrae
753 2460 874 2499 insint
905 2463 946 2499 et
975 2458 1115 2510 rebus,
1146 2471 1225 2499 non
1255 2471 1373 2499 veras
1405 2470 1500 2499 esse
1531 2456 1638 2509 dicit,

279 2534 356 2578 sed
384 2540 533 2578 tautum
566 2536 777 2578 simulacra
807 2550 989 2579 verarum
1020 2534 1217 2587 idearum,
1255 2533 1307 2577 ad
1339 2547 1438 2590 quas
1469 2536 1509 2576 in
1540 2533 1637 2576 orbe

278 2612 586 2666 supermundiali
624 2614 807 2666 vigentes
844 2619 1014 2655 mentem
1051 2619 1227 2654 nostram
1259 2615 1412 2666 erigere
1442 2617 1634 2666 oporteat.

280 2690 416 2747 Quare
447 2692 663 2747 quaesierit
691 2690 865 2734 fortasse
897 2693 1104 2748 quispiam,
1137 2688 1334 2747 quomodo
1362 2688 1469 2745 apud
1489 2686 1636 2748 Spino-
