1922 3115
849 216 1147 264 ...36-

316 344 476 381 tantum.
497 334 602 387 modi
633 339 715 395 sint
744 337 957 390 cogitandi.
1006 338 1254 393 Cupiditates
1292 343 1424 381 autem
1461 343 1674 394 passiones

319 430 413 458 esse
451 417 714 459 consentiunt.
763 414 943 469 Opponit
973 428 1067 469 ergo
1106 421 1272 470 uterque
1323 415 1483 458 easdem
1519 418 1675 459 intelle-

316 495 415 543 ctui;
452 491 635 535 Graecus
666 496 817 544 autem,
857 505 976 546 quum
1007 497 1183 534 nostram
1213 498 1390 536 naturam
1429 506 1597 548 corpore
1635 498 1675 534 et

315 573 444 611 animo
477 569 653 620 dividat,
673 546 916 623 cupiditates
948 571 1063 610 etiam
1085 572 1125 610 in
1152 584 1200 612 se
1229 573 1330 625 ipsis
1362 570 1500 612 dividit
1528 573 1602 622 ita,
1633 576 1677 611 ut
1727 561 1731 570 ¹

315 660 393 688 uon
425 647 555 688 solum
585 647 690 688 hona
720 659 795 687 nos
823 660 978 698 amare,
1009 645 1082 687 sed
1107 649 1223 689 etiam
1244 648 1366 699 mala,
1397 661 1525 702 neque
1546 648 1674 689 solum

315 723 407 765 odio
439 723 587 765 habere
617 736 828 777 perversa,
860 722 935 777 send
966 725 1083 764 etiam
1113 723 1248 764 sobria
1284 723 1463 766 affirmet.
1511 723 1675 779 Cupidi-

315 806 420 843 tates
451 803 569 854 igitur
599 802 738 842 statuit
769 814 863 842 esse
893 801 1017 851 tales,
1047 805 1091 841 ut
1124 800 1348 841 homiuibus
1377 806 1536 855 praeter
1565 814 1675 842 men-

314 884 395 919 tem
427 883 469 918 et
497 877 553 918 illi
586 879 805 918 contrariae
835 882 954 930 atque
986 879 1195 930 oppositae
1231 876 1469 927 tribuantur,
1501 859 1675 930 Spinoza

316 968 387 997 eas
425 952 476 995 ab
514 955 604 1008 ipsa
642 954 882 1006 cogitatione
920 951 1118 1007 proficisci
1166 951 1309 1007 docet,
1356 966 1474 1007 quum
1520 954 1675 993 omuino

318 1033 406 1085 ejus
444 1036 608 1073 naturae
653 1043 748 1071 esse
785 1030 883 1071 velit
921 1035 1111 1081 mentem,
1143 1034 1187 1070 ut
1233 1032 1383 1083 cogitet
1427 1030 1675 1084 simpliciter:

317 1111 505 1163 quocirca
535 1111 649 1162 ipsae
678 1107 770 1149 illae
801 1109 945 1148 mentis
968 1104 1187 1160 'passiones
1209 1106 1313 1148 modi
1343 1111 1437 1148 sunt
1464 1105 1675 1159 cogitandi.

407 1183 494 1225 Sed
512 1182 713 1234 Judaeus,
745 1197 864 1237 quum
885 1197 1039 1223 omnem
1062 1186 1244 1224 virtutem
1271 1183 1477 1224 humanam
1499 1185 1537 1223 in
1558 1185 1676 1223 unius

316 1260 564 1303 substantiae
596 1259 752 1301 divinae
782 1262 1046 1314 possessione
1078 1264 1131 1300 et'
1149 1260 1482 1313 contemplatione
1511 1281 1567 1290 —
1598 1259 1676 1299 hoc

318 1326 392 1379 est⁴
411 1336 529 1387 illud,
561 1349 677 1377 suum
692 1352 695 1355 ¹
708 1349 802 1377 esse
823 1349 986 1376 servare
1006 1337 1111 1377 velle
1133 1357 1189 1365 —
1211 1340 1352 1390 ponat,
1379 1336 1546 1389 relegari
1562 1335 1678 1388 jubet

318 1420 359 1456 et
386 1416 492 1455 vinci
525 1418 565 1455 et
606 1412 772 1468 deprimi
814 1413 1064 1464 affectiones,
1103 1418 1144 1455 at
1181 1392 1298 1454 131at0
1339 1427 1408 1455 eas
1447 1411 1677 1454 minuendas

318 1490 496 1545 quidem,
528 1492 654 1543 magis
685 1474 817 1531 autem
849 1489 1117 1539 emendandas
1140 1495 1179 1530 et
1200 1489 1426 1543 dirigendas
1448 1503 1541 1531 esse
1561 1503 1677 1543 prae-

318 1567 458 1609 scribit
478 1565 530 1608 ad
549 1566 604 1619 id,
626 1565 733 1620 quod
754 1568 874 1619 exigit
894 1565 1064 1607 officium
1086 1571 1276 1608 nostrum.
1307 1565 1445 1621 Itaque
1464 1566 1584 1608 rebus
1603 1565 1677 1607 bo-

318 1646 381 1684 nis
412 1649 453 1684 et
482 1645 604 1683 rectis
634 1641 821 1695 gaudere,
855 1642 979 1683 falsas
1009 1647 1049 1682 et
1076 1656 1287 1696 perversas
1316 1643 1452 1696 lugere
1471 1644 1675 1697 praecipit·

411 1719 483 1761 Sic
515 1722 617 1761 enim
649 1733 716 1760 res
747 1719 795 1759 se
825 1718 958 1769 habet,
989 1724 1034 1759 ut
1062 1722 1202 1760 animis
1230 1722 1378 1760 nostris
1399 1722 1532 1761 variae
1553 1719 1678 1761 facul-

317 1802 423 1838 tates
456 1802 496 1838 et
525 1796 756 1837 affectiones
784 1800 982 1849 tamquam
1004 1794 1178 1837 chordae
1198 1795 1345 1837 inditae
1366 1798 1466 1847 sint,
1496 1795 1677 1849 singulae

317 1880 457 1915 natura
495 1876 695 1923 sincerae,
736 1863 909 1912 noudum
946 1877 1076 1913 autem
1114 1875 1324 1914 universae
1359 1872 1412 1913 ad
1443 1878 1677 1913 concentum

318 1950 618 2001 reconciliatae,
657 1948 733 1989 sed
770 1962 892 2003 quae,
932 1949 1165 1991 conciliatae
1202 1954 1313 1991 recta
1351 1951 1593 1990 institutione
1630 1961 1678 1989 ac

320 2027 520 2077 doctrina,
550 2026 662 2067 velut
692 2030 926 2066 concentum
957 2028 1112 2078 pariant
1141 2028 1322 2066 virtutem
1346 2031 1386 2066 et
1406 2028 1577 2066 omnium
1597 2027 1677 2065 vir-

317 2109 445 2145 tutum
476 2116 668 2145 summam
692 2102 899 2156 justitiam.
943 2100 1118 2143 Praebet
1148 2104 1275 2158 igitur*
1295 2102 1412 2143 nobis
1445 2107 1585 2143 natura
1615 2103 1678 2143 sui

318 2194 479 2231 ansam,
510 2194 629 2234 quum
659 2179 962 2231 intelligentiae,
995 2192 1068 2219 seu
1092 2179 1455 2233 contemplativam,
1485 2184 1567 2219 tum
1597 2177 1678 2218 for-

318 2256 519 2308 titudinis,
550 2270 625 2297 seu
655 2258 835 2297 activam.
884 2254 1058 2309 Spinoza
1089 2269 1207 2307 vero,
1240 2255 1336 2297 dura
1376 2253 1544 2309 quadam
1583 2257 1678 2295 sim-

318 2333 496 2385 plicitate
527 2336 759 2382 contentus,
790 2331 916 2371 solam
949 2330 1013 2371 dei
1034 2331 1163 2372 ideam
1184 2331 1300 2372 nobis
1322 2321 1372 2371 ob
1394 2331 1535 2370 oculos
1555 2332 1678 2387 ponit,

319 2421 435 2463 quam
475 2421 705 2461 sequamur,
747 2421 824 2461 qua
862 2409 989 2447 omnis
1026 2407 1195 2459 laetitia,
1234 2408 1361 2448 omnis
1398 2420 1526 2458 amor,
1563 2420 1679 2447 omne

319 2484 512 2538 denique,
544 2483 651 2538 quod
682 2486 801 2525 vitam
832 2484 952 2526 faciat
980 2484 1161 2535 vitalem,
1192 2484 1344 2525 inclusa
1376 2488 1594 2526 teneantur.

406 2560 553 2603 lterum
585 2574 660 2602 nos
692 2560 868 2615 Spinoza
898 2562 1062 2604 retrahit
1092 2560 1144 2602 ad
1176 2575 1355 2613 causam,
1385 2560 1502 2603 Plato
1533 2573 1677 2615 prove-

317 2641 376 2680 hit
406 2639 458 2680 ad
487 2638 605 2679 finem
635 2640 804 2680 virtutis.
