1922 3115
780 257 1077 303 -37—

345 379 579 436 Complures
610 383 766 424 omnino
786 382 952 423 virtutes
974 364 1069 421 esse
1088 379 1227 420 statuit
1244 376 1383 430 Plato,
1414 372 1604 420 maximas

253 462 382 500 antem
413 472 504 511 eas,
534 471 635 513 quae
666 457 887 510 cardinales
926 461 1137 507 vocantur,
1172 452 1462 512 fortitudinem,
1501 451 1609 509 quae

253 535 304 578 ad
334 540 485 591 partem
515 538 667 578 animae
704 535 845 577 fortem
875 533 1061 585 refertur;
1100 527 1396 585 contioentia'm,
1430 546 1533 588 quae
1563 535 1604 574 in

254 610 557 667 compescendis
589 608 838 665 cupidinibus
869 612 1060 661 cernitur,
1091 614 1132 651 et
1160 609 1266 664 apud
1288 604 1605 665 unumquemque

253 689 450 730 hominem
487 690 550 728 sui
582 689 804 740 cognitione
842 689 976 731 nititur
1003 709 1050 716 —
1086 699 1164 738 qua
1202 685 1253 726 de
1290 695 1334 726 re
1364 689 1446 740 agit
1475 686 1603 728 Char-

252 763 380 807 mides
419 762 600 816 dialogus
638 776 709 813 —3
749 764 1001 817 sapientiam,
1039 774 1140 815 quae
1179 766 1243 803 est
1283 775 1408 816 purae
1443 766 1604 818 propria

253 844 393 893 menti3
441 842 610 881 omnium
652 845 802 890 autem,
831 844 875 880 ut
915 838 1102 890 diximus,
1141 839 1444 881 conciliatricem
1481 841 1603 893 justi-

253 921 366 969 tiam,
404 930 506 970 quae
545 906 618 958 suo
659 928 853 969 quamque
891 917 1044 956 animae
1073 913 1299 955 facultatem
1339 915 1479 956 officio*
1500 916 1605 957 bene

252 994 360 1047 fungi
390 993 496 1035 facit.
541 993 599 1034 At
627 991 823 1047 Spinoza,
853 1005 926 1046 per
955 993 1160 1042 virtutem,
1189 993 1262 1043 ait,
1292 992 1468 1045 intelligo
1499 992 1604 1035 idem

253 1086 301 1114 ac
331 1085 405 1126 per
434 1072 669 1125 potentiam,
699 1070 740 1111 h.
773 1084 809 1111 e.
840 1070 967 1110 virtus
998 1072 1192 1123 quatenus
1233 1067 1285 1109 ad
1314 1069 1510 1111 hominem
1540 1083 1605 1111 re-

253 1149 395 1200 fertur,
426 1153 489 1190 est
518 1151 606 1202 ipsa
635 1148 805 1188 hominis
835 1148 1012 1205 essentia
1031 1160 1104 1188 sen
1124 1151 1283 1198 natura,
1315 1151 1511 1200 quatenus
1530 1160 1607 1201 po-

251 1230 434 1267 testatem
466 1224 587 1265 habet
616 1222 808 1278 quaedam
840 1222 1055 1274 efficiendi,
1088 1236 1189 1276 quae
1225 1223 1302 1277 per'
1335 1223 1446 1264 solas
1475 1225 1604 1278 ipsius

251 1307 413 1360 naturae
443 1302 556 1354 leges
585 1305 756 1354 possunt
790 1300 966 1351 intelligi.
1014 1298 1060 1339 Si
1097 1313 1192 1340 vero
1224 1304 1470 1353 quaerimus,
1502 1314 1604 1354 quae

252 1381 306 1420 sit
334 1380 412 1420 ista
440 1379 616 1432 potentia
643 1376 832 1427 humana,
861 1389 1034 1417 amorem
1072 1375 1319 1417 solummodo
1359 1378 1604 1431 reperiemus

253 1455 317 1497 dei
348 1455 671 1506 intellectualem,
702 1455 939 1495 intermissis
978 1454 1093 1508 aliis,
1132 1467 1233 1508 qnae
1271 1455 1390 1507 vulgo
1428 1453 1606 1496 feruntur

253 1538 293 1574 et
321 1530 428 1587 apud
457 1530 665 1574 Platonem
697 1535 972 1573 enumerantur
1000 1530 1221 1572 virtutibus.

341 1609 496 1651 Etenim
525 1609 651 1650 trihus
681 1608 801 1649 rebus
832 1611 962 1662 iisque
997 1610 1243 1662 gravissimis
1274 1623 1299 1650 a
1329 1607 1505 1663 Spinoza
1545 1609 1605 1651 di-

252 1690 412 1741 screpat
446 1684 583 1736 Plato;
629 1687 815 1740 primum,
862 1685 968 1740 quod
1012 1685 1233 1743 libertatem
1279 1690 1320 1726 et
1363 1685 1605 1728 voluntatem

251 1765 457 1805 humanam
487 1776 567 1802 non
596 1760 761 1816 prorsus
792 1763 974 1814 sustulit,
1001 1765 1059 1803 uti
1078 1763 1145 1803 ille
1153 1776 1165 1813 3
1198 1762 1360 1814 deinde,
1392 1763 1604 1816 quod-ma-

251 1841 351 1892 lum,
374 1866 425 1876 -
450 1834 498 1882 τὸ
531 1833 666 1882 κακὸν
685 1859 744 1869 -
764 1841 900 1893 posuit
930 1852 1023 1881 esse
1063 1852 1142 1880 non
1174 1838 1498 1892 contradictorie,
1529 1840 1605 1882 sed

253 1918 447 1957 contrarie
476 1914 581 1955 bono
613 1917 859 1968 oppositum,
888 1917 944 1956 ita
972 1920 1017 1956 ιιι
1046 1918 1099 1957 sit
1135 1914 1424 1969 quodammodo
1462 1920 1603 1971 positi-

251 2007 361 2044 vum,
391 1997 617 2046 postremo,
649 1991 755 2046 quod
784 1991 1009 2034 beatitatem
1047 1995 1204 2035 virtutis
1235 1996 1448 2047 praemium
1479 1994 1605 2036 voluit

253 2083 346 2112 esse
376 2068 565 2119 futurum,
605 2081 722 2123 quum
754 2067 929 2123 Spinoza
958 2074 1163 2123 utramque
1198 2068 1353 2123 redigat
1389 2073 1429 2110 in
1469 2084 1602 2113 unum.

251 2148 504 2200 Quapropter
533 2144 638 2199 apud
668 2144 875 2186 Platonem
905 2148 1031 2187 virtus
1063 2152 1127 2187 est
1156 2152 1355 2188 certamen
1382 2149 1603 2190 institutum

252 2229 388 2266 contra
426 2221 642 2277 quoddam,
680 2221 785 2276 quod
825 2235 919 2263 esse
955 2214 1132 2276 ponitur,
1170 2224 1325 2265 scilicet
1360 2219 1410 2267 τὸ
1447 2222 1602 2270 naariae:

251 2300 358 2355 apud
387 2300 600 2354 Spinozam
630 2302 836 2353 occupatio
876 2301 964 2352 ejus
995 2302 1082 2341 sive
1121 2300 1174 2341 ad
1211 2300 1253 2341 id
1288 2300 1463 2353 reditus,
1495 2304 1603 2356 qnod

252 2377 379 2418 solum
411 2381 492 2427 est;
523 2376 589 2417 vel
610 2397 665 2405 -
688 2379 733 2416 ut
762 2377 909 2417 nostris
938 2380 1027 2417 utar
1054 2376 1222 2418 vocibus
1248 2393 1297 2403 -
1322 2376 1503 2420 Platonis
1523 2382 1603 2421 vir-

249 2459 315 2495 tus
360 2458 423 2494 est
460 2455 617 2507 negatio
655 2455 814 2508 positivi
850 2452 1055 2506 cujusdam
1098 2459 1144 2495 ιιι
1178 2455 1342 2496 alterum
1387 2458 1603 2509 positivum

253 2530 461 2582 habeatur,
499 2529 574 2572 sed
614 2530 720 2585 apud
757 2529 969 2585 Spinozam
1007 2533 1164 2585 negatio
1201 2535 1387 2586 negativi.
1439 2533 1532 2586 Qua
1562 2536 1602 2576 in

252 2623 295 2650 re
333 2610 368 2649 si
407 2609 621 2662 quispiam,
660 2608 764 2650 unde
802 2611 855 2649 sit
898 2608 996 2650 illud
1041 2610 1184 2651 malum
1216 2615 1256 2651 et
1293 2611 1490 2665 quomodo
1530 2614 1602 2664 sit,

252 2684 357 2741 apud
385 2684 594 2727 Platonem
624 2687 856 2740 quaesierit,
885 2700 1122 2742 responsum
1152 2701 1250 2730 sane
1270 2702 1350 2729 non
1369 2688 1483 2741 feret,
1513 2704 1603 2743 nec,

1153 0 1158 4 ,
1174 0 1244 10 -v,
1276 0 1339 9 ,ων
1355 0 1359 1 ⁷
1378 0 1579 12 ·>*÷=·⁷·‘³-*⁴·v.-·-*
1631 0 1633 2 .
1682 0 1707 8 ‚vv
