1893 3139
808 279 1107 321 —6—

276 403 405 441 tarent
435 399 662 449 victoriam,
698 396 1004 439 Lacedaemonii
1040 402 1170 439 tamen
1202 403 1414 440 evaserunt
1443 401 1636 453 potiores,

278 482 319 518 et
349 489 449 530 quas
480 474 557 516 sibi
587 475 707 516 saluti
745 475 832 516 fore
871 481 1151 529 speraverant,
1192 474 1467 529 expeditiones
1498 478 1538 516 in
1569 476 1635 518 Si-

279 553 407 594 ciliam
437 550 567 593 factae
594 553 809 605 perniciem
838 553 1044 594 maximam
1071 553 1288 594 attulerunt
1306 552 1634 604 Atheniensibus.

275 629 327 672 Et
364 631 489 683 prima
527 627 687 682 quidem
716 628 899 670 Platonis
931 630 1124 681 juventus
1154 629 1195 670 id
1225 632 1264 670 in
1295 635 1452 684 tempus
1488 631 1637 683 incidit,

277 718 375 760 quo,
415 706 492 746 etsi
521 704 628 746 bello
668 707 812 760 petita,
852 705 986 746 floruit
1025 705 1275 760 respublica;
1317 705 1393 748 sed
1423 721 1501 762 quo
1533 720 1635 749 anno

278 783 459 838 ephebus
498 782 629 824 factus
669 789 751 834 est,
792 783 932 824 eodem
971 785 1143 823 omnium
1181 783 1266 823 fere
1295 784 1468 825 Athenis
1505 799 1637 826 rerum

276 863 492 903 immutatio
542 858 674 903 fiebat.
753 858 911 914 Ingenti
968 861 1071 901 enim
1126 861 1361 914 optimorum
1408 863 1552 904 civium
1596 865 1637 904 in

276 940 417 983 Sicilia
455 943 625 993 accepta
663 937 797 989 clade,
838 937 1046 979 multitudo
1087 940 1292 992 imperium
1331 941 1464 993 coepit
1499 944 1636 981 tenere

277 1022 316 1060 et
348 1016 589 1058 democratia
626 1015 722 1057 abiit
757 1017 798 1056 in
829 1015 1133 1067 ochlocratiam,
1175 1014 1303 1057 donec
1331 1014 1636 1059 Lacedaemonii

275 1097 451 1135 victores
491 1094 816 1133 constitutionem
854 1093 974 1146 plane
1011 1105 1155 1133 novam
1192 1093 1340 1133 civitati
1369 1093 1529 1134 Atticae
1564 1096 1636 1135 im-

275 1175 481 1226 ponerent.
545 1167 664 1211 Pluto
696 1174 849 1221 autem,
880 1181 1001 1224 quum
1031 1168 1153 1210 nobili
1185 1169 1273 1210 loeo
1304 1173 1422 1211 natus
1454 1176 1566 1212 esset
1597 1177 1638 1214 et

276 1249 521 1303 optimatium
558 1247 739 1301 partibus
774 1259 874 1288 sese
912 1247 1153 1301 applicaret,
1191 1259 1344 1287 summo
1377 1245 1468 1287 odio
1501 1247 1637 1290 habuit

274 1326 393 1377 hunc,
425 1339 503 1380 quo
534 1323 742 1366 multitudo
773 1338 841 1365 res
870 1338 1046 1366 summas
1076 1323 1249 1375 tenebat,
1280 1324 1523 1378 reipublicae
1554 1331 1636 1368 sta-

274 1409 381 1444 tum:
413 1401 521 1455 quod
552 1406 691 1455 aperte
721 1401 928 1455 profitetur
958 1404 998 1441 in
1027 1400 1146 1454 Reip.
1167 1400 1256 1441 libr.
1278 1398 1359 1451 VI3
1392 1414 1439 1442 se
1469 1415 1636 1456 prorsus

274 1480 522 1523 abstinuisse
573 1493 599 1521 a
645 1478 767 1521 rebus
812 1477 1000 1532 gerendis
1047 1491 1126 1518 non
1172 1478 1347 1519 obscure
1393 1479 1634 1532 significans.

262 1557 475 1612 ‚Quodque
514 1569 711 1598 summum
749 1554 872 1596 habet
918 1557 958 1595 in
1004 1554 1279 1609 philosophia,
1325 1560 1370 1596 ut
1415 1558 1569 1598 animus
1613 1572 1637 1600 a

274 1727 342 1764 ea,
373 1726 477 1766 quae
508 1725 605 1752 vera
634 1715 731 1752 sunt
761 1715 803 1752 et
832 1715 1013 1760 aeterua,
1051 1708 1093 1750 id
1122 1711 1332 1763 quominus
1364 1710 1546 1753 homines
1575 1717 1639 1753 at·

273 1792 448 1844 fingant,
480 1802 735 1843 summepere
760 1786 956 1842 impedire
984 1791 1100 1841 putat
1130 1786 1250 1827 talem
1279 1787 1523 1841 reipublicae
1554 1795 1636 1832 sta-

271 1873 371 1918 tu,
399 1866 558 1921 qualem
589 1867 678 1919 ipse
709 1870 796 1907 erat
824 1877 1060 1919 perpessus.
1092 1862 1240 1918 Neque
1266 1877 1365 1905 vero
1395 1864 1512 1907 factis
1542 1880 1637 1909 sese

273 1959 406 1988 nerum
437 1957 630 1986 novarum
659 1941 793 1985 stadio
825 1944 1016 1997 opposuit
1036 1963 1095 1975 --·
1117 1941 1228 1996 quod
1258 1956 1403 1985 vanum
1434 1957 1528 1987 esse
1559 1945 1636 1987 sibi
1701 1976 1704 1977 ν

269 2024 361 2077 jure
392 2025 650 2076 persuaserat
673 2045 724 2056 -
749 2019 826 2062 sed
853 2034 878 2061 a
906 2021 1066 2061 civitate
1096 2018 1272 2072 regenda
1301 2020 1520 2063 abhorrens
1552 2023 1636 2064 col-

274 2101 420 2154 loquiis
452 2097 867 2152 disputationibusque
897 2098 1090 2138 institutis
1121 2099 1223 2138 inter
1253 2099 1404 2139 amicos
1434 2111 1483 2139 ac
1513 2098 1635 2140 disci-

273 2176 393 2231 pulos
426 2174 596 2217 divinam
628 2177 746 2217 istam
777 2188 961 2230 promere
991 2173 1150 2216 solebat
1179 2176 1426 2229 sapientiam,
1455 2179 1636 2230 qmmvis

274 2260 315 2295 et
347 2254 572 2307 eloquentia
601 2252 891 2307 prudentiaque
928 2252 1035 2293 civili
1065 2252 1281 2293 excelleret
1309 2257 1352 2294 et
1382 2258 1636 2306 cognatorum

273 2330 545 2374 stimularetur
574 2330 917 2385 instigationibus,
949 2332 1015 2386 qui
1047 2333 1110 2372 sni
1141 2333 1302 2385 generis
1332 2330 1534 2386 publicum
1564 2330 1635 2373 de-

275 2421 348 2450 cus
380 2421 469 2449 eum
501 2407 587 2449 fore
618 2413 891 2462 speraverant.
952 2406 1043 2448 Nec
1075 2406 1153 2449 dici
1185 2412 1321 2463 potest
1329 2437 1342 2459 ,
1373 2412 1520 2463 quanto
1551 2421 1636 2450 mo-

272 2491 406 2529 mente
438 2490 570 2528 status
601 2488 680 2527 iste
709 2488 862 2540 patriae
890 2498 1012 2537 suae,
1052 2499 1154 2539 quae
1191 2485 1244 2527 ad
1272 2484 1533 2528 multitudinis
1563 2488 1635 2528 im-

272 2566 425 2619 perium
470 2576 599 2617 usque
645 2563 831 2605 licentius
878 2562 1128 2614 trahebatur,
1173 2561 1294 2605 fuerit
1330 2561 1508 2614 Platoni3
1556 2577 1634 2619 quo

274 2644 377 2683 euim
406 2642 632 2694 religiosius
660 2637 944 2695 rempublicam
974 2640 1224 2683 detrectabat
1252 2640 1555 2695 capessendam,
1586 2654 1633 2682 eo

274 2732 322 2761 se
352 2720 485 2761 acrius
524 2716 578 2761 ad
609 2717 952 2774 contemplandam
982 2732 1117 2762 veram
1148 2733 1196 2762 ac
1226 2717 1445 2775 perfectam
1474 2732 1636 2775 rempu-
