1911 3134
826 268 1125 312 -ιο-

288 392 469 445 intelligi.
530 387 604 431 llle
643 390 744 431 enim
776 411 836 419 -
867 389 1067 433 Graecum
1099 388 1192 433 ‘dico
1225 413 1282 421 —
1314 394 1462 445 genere
1493 404 1568 434 suo
1600 380 1652 435 ad

276 451 504 522 'regendam
536 469 736 508 civitatem
765 472 947 519 vocatus,
983 471 1140 521 ingenio
1172 468 1224 509 a'd
1254 471 1416 522 poesin,
1446 474 1651 524 utramque

293 545 493 596 destituit,
534 549 579 585 ut
623 544 889 599 philosophus
933 544 1068 588 fieret:
1115 545 1290 602 Spinoza
1336 561 1437 602 quae
1484 551 1650 589 secutus

291 625 419 665 fuerat
449 622 582 664 studia
611 620 837 674 theologiae
856 622 1066 674 Judai‘cae,
1098 625 1255 678 abjecit,
1286 626 1382 666 licet
1412 625 1463 665 ob
1493 625 1536 666 id
1565 628 1651 667 suis

290 703 472 742 iuimicus
505 705 545 741 et
576 713 700 752 egens
731 699 899 751 futurus,
932 714 1051 754 quum
1082 702 1169 743 solo
1201 704 1379 743 veritatis
1410 717 1459 744 ac
1478 705 1651 758 purioris

293 780 513 832 sapientiae
554 790 688 817 amore
729 777 1018 818 incenderetur.
1088 778 1179 818 Nec
1217 784 1348 819 tamen
1383 780 1471 820 fieri
1510 783 1650 833 potuit,

292 859 385 912 quin
427 855 662 910 juvenilium
709 866 898 895 annorum
945 857 1229 909 occupationes
1277 869 1325 897 ac
1364 855 1496 898 studia
1543 857 1651 912 apud

292 939 499 986 utrumqne
530 933 736 986 plurimam
768 934 808 971 in
838 932 1157 985 philosophando
1196 935 1469 975 auctoritatem
1499 934 1650 976 babue-

291 1013 380 1052 rint.
428 1010 632 1063 Quocirca
662 1022 809 1063 operae
840 1011 1010 1063 pretinm
1039 1009 1135 1066 miffi
1167 1009 1342 1051 facturus
1375 1024 1468 1053 esse
1499 1011 1649 1063 videor,

291 1091 326 1129 si
359 1100 545 1129 enumero
578 1101 645 1138 ea,
685 1087 828 1141 quibus
865 1087 1171 1129 instituebantur
1208 1101 1257 1129 ac
1293 1089 1560 1131 formabantur
1590 1092 1649 1131 in-

292 1168 422 1219 genio.
1460 1212 1463 1214 Α

379 1243 431 1284 Et
461 1241 578 1282 Plato
611 1241 769 1294 quidem
799 1243 889 1294 ipse
927 1243 966 1281 in
992 1239 1215 1294 Protagora
1245 1242 1396 1296 profert
1425 1243 1648 1284 Atticorum

291 1320 561 1375 disciplinam,
599 1319 717 1372 cujus
754 1317 872 1359 finem
911 1320 1086 1360 nominat
1120 1318 1405 1373 eurhythmiam
1437 1325 1477 1361 et
1508 1320 1649 1362 enhar-

291 1401 482 1452 moniam3
531 1410 630 1451 quas
679 1395 858 1450 profecto
905 1409 1020 1437 nemo
1068 1396 1285 1450 perfectius
1325 1400 1523 1452 expressit
1558 1401 1648 1453 ipso

290 1475 547 1531 philosopho.
612 1473 859 1514 Colehantur
897 1478 991 1514 tunc
1030 1478 1138 1515 artes
1176 1473 1260 1516 fere
1298 1488 1435 1516 omnes
1465 1475 1649 1527 Athenis,

289 1554 600 1596 architectonica
631 1556 671 1593 et
702 1553 904 1602 statuaria,
936 1552 1052 1605 cujus
1080 1551 1190 1592 licuit
1217 1551 1364 1606 ubique
1384 1553 1649 1607 pulcherrima

289 1645 337 1671 ac
374 1629 536 1684 publica
575 1629 704 1669 oculis
743 1630 943 1682 inspicere
989 1633 1258 1679 monumenta,
1305 1632 1472 1671 maxime
1517 1636 1648 1672 autem

290 1708 524 1757 dramatica,
564 1707 629 1746 cui
667 1704 878 1747 admodum
918 1704 1157 1747 adolescens
1187 1705 1303 1747 Plato
1336 1720 1497 1761 operam
1527 1721 1648 1749 nava-

289 1788 357 1827 vit.
406 1785 655 1837 Quamquam
676 1782 930 1836 philosophia
952 1785 1068 1824 etiam
1090 1793 1167 1823 non
1189 1784 1335 1825 inculta
1350 1785 1491 1837 jacuit.
1544 1784 1648 1825 Nam

288 1862 542 1916 physiologia
574 1860 623 1901 ab
653 1859 826 1901 Jonibus
852 1860 1026 1913 prolata,
1067 1860 1334 1901 Eleatieorum
1365 1874 1413 1901 ac
1442 1860 1648 1914 Pythago-

288 1952 471 1981 raeorum
510 1937 663 1978 scholis
701 1939 741 1978 in
779 1950 919 1990 magna
960 1936 1132 1978 Graecia
1170 1939 1419 1989 constitutis,
1458 1936 1648 1979 Heracliti

289 2021 407 2071 atque
424 2009 429 2015 ’
445 2015 709 2068 Anaxagorae
750 2016 959 2056 sententiis
1006 2014 1124 2067 longe
1170 2015 1329 2069 lateque
1374 2015 1647 2068 gliscentibus,

289 2097 460 2137 omnium
498 2092 679 2134 ordinum
718 2107 766 2134 ac
808 2092 1034 2146 dogmatum
1072 2092 1300 2147 philosophi
1341 2086 1512 2135 Athenis
1551 2107 1647 2135 con-
1705 2078 1709 2082 ¹

289 2171 567 2224 gregabantur,
598 2169 705 2225 quod
734 2170 815 2210 illic
837 2174 878 2211 et
906 2168 1076 2211 docendi
1106 2169 1276 2211 facultas
1306 2169 1491 2222 dabatur,
1516 2175 1557 2211 et
1588 2170 1647 2211 di-

290 2248 430 2290 scendi
463 2247 636 2289 studium
667 2247 841 2301 vigebat.
904 2246 1102 2288 Diversas
1143 2251 1274 2289 autem
1319 2247 1647 2302 philosophorum

288 2325 523 2380 disciplinas
555 2324 726 2366 Socrate
757 2329 921 2366 auctore
958 2326 998 2364 in
1031 2324 1224 2377 judicium
1265 2327 1499 2365 convocavit
1529 2323 1645 2366 Plato

288 2405 519 2458 criticisque
565 2401 969 2457 argumentationibus
1015 2416 1095 2443 non
1140 2401 1367 2454 destruere,
1419 2400 1494 2443 sed
1538 2402 1648 2444 velut

288 2481 479 2534 disjectas
518 2495 638 2522 verae
675 2482 895 2534 sapientiae
933 2485 1068 2534 partes
1109 2494 1225 2521 suum
1261 2483 1300 2520 in
1331 2493 1447 2521 usum
1479 2494 1646 2522 conver-

285 2565 371 2601 tere
404 2558 593 2600 decrevit.
640 2557 779 2612 ltaque
810 2571 886 2598 nec
918 2557 1180 2600 substantiam
1211 2555 1477 2599 Eleaticorum
1507 2561 1646 2600 immu-

285 2637 445 2678 tabilem
483 2637 676 2689 neglexit,
715 2650 790 2676 nec
828 2635 1120 2677 fluctuationem
1159 2638 1275 2677 istam
1306 2649 1435 2677 rerum
1466 2634 1645 2678 Heracli-

284 2718 402 2766 team,
433 2727 509 2755 nec
540 2712 909 2768 Pythagoraeorum
939 2714 1112 2756 morales
1144 2716 1363 2757 sententias
1395 2727 1443 2756 ac
1473 2713 1645 2768 mythos,
