1879 3100
740 234 838 277 a»
897 195 1156 270 *ει--Δ

250 348 313 386 est
343 365 401 374 —
430 340 607 386 idearum
746 387 749 394 Κ
848 331 1195 405 πρὸ,ςάώίοω
1222 330 1604 405 μ·ἓῐιοᾶαἱῶι·

249 421 406 464 lismum
435 412 541 476 ejus,>
568 433 646 475 quo
699 407 773 469 nt
815 411 820 455 Ῐ
850 401 910 436 ’ψ
1054 420 1065 431 ’
1123 422 1188 460 est
1216 404 1291 460 res*
1315 419 1511 471 cogitans.
1542 438 1604 447 —-

246 497 364 540 Plato
396 498 448 540 ad
477 500 608 540 varias
637 481 858 544 diversaru'
946 547 948 550 .
1022 498 1077 561 “p
1095 498 1360 550 proprietates
1382 507 1605 537 conversus

249 559 605 630 singulfindagat,
634 572 824 631 Spinua,
836 586 971 629 nquam
1000 575 1136 615 animo
1161 574 1603 637 conseperatvuniver-

248 653 373 695 salem
400 657 519 706 atque
545 649 733 693 infinitam
751 633 1023 692 subfltantiam·
1035 655 1076 701 et
1094 649 1148 692 ad
1168 649 1405 731 eve‘tendas
1424 650 1602 713 swa-

248 743 334 772 rnm
362 742 494 771 rerum
525 726 707 770 divexas
722 729 951 779 sessentias,
972 747 1031 757 -·
1054 709 1322 784 quunffnnica
1341 729 1395 769 sit
1414 726 1603 769 substan-

247 809 315 858 tia,
345 804 629 858 intelligibilem
659 802 845 844 mnndum
876 802 1075 857 cogitandi
1105 787 1245 858 aequ?
1262 817 1311 846 ac
1341 817 1503 857 regnum
1533 817 1603 845 na-

248 870 513 937 turamfflod
542 880 731 923 sensibus
762 881 1030 935 percipimus,
1062 882 1270 922 continens
1301 865 1359 910 ζ-
1392 886 1433 922 et
1461 880 1514 922 ad
1544 883 1604 921 in-

250 956 470 1001 ducendam
500 959 755 1000 necessitatis
786 956 1025 1000 inevitabilis
1057 962 1098 999 et
1127 959 1258 999 omnia
1278 958 1452 1011 regentis
1474 958 1604 999 notio-

247 1050 338 1078 nem
368 1035 541 1084 adhibet,
591 1034 668 1092 Hic
700 1037 802 1077 enim
833 1049 993 1090 semper
1022 1034 1246 1089 regreditur
1275 1034 1328 1078 ad
1346 1037 1604 1092 principii-13

247 1112 364 1156 Plato
381 1128 420 1162 „a
447 1115 642 1169 principio
672 1092 853 1169 prffinus
884 1112 1022 1155 tendit.
1343 1115 1345 1117 ’

338 1190 475 1246 ltaque
505 1190 687 1233 Graecus
727 1204 822 1233 vere
859 1193 1076 1232 existentes
1108 1195 1148 1233 et
1177 1203 1295 1233 veras
1327 1190 1448 1233 babet
1477 1189 1603 1244 ideas,

248 1281 384 1310 verum
416 1267 546 1323 deum,
577 1270 824 1310 verissimam
854 1266 982 1319 ideam
1013 1268 1119 1309 boni.
1172 1266 1259 1309 Sed
1289 1267 1397 1322 quod
1427 1267 1492 1310 dei
1513 1282 1604 1310 cum

249 1343 351 1386 ideis
384 1347 661 1386 commercium
692 1347 764 1395 sit,
802 1359 881 1385 non
913 1345 1101 1399 explicat3
1141 1343 1217 1385 sed
1247 1347 1451 1386 creavisse
1483 1344 1603 1386 deum

249 1418 362 1463 ideas
393 1406 500 1463 dicit.
563 1420 734 1463 Accedit
763 1426 908 1473 autem,
938 1426 982 1463 nt
1011 1420 1063 1463 ad
1093 1420 1278 1463 mundum
1298 1423 1491 1474 veniatur,
1521 1435 1604 1464 ma-

249 1499 348 1537 teria
378 1511 479 1551 quae
510 1511 639 1552 neque
671 1500 927 1550 cognoscitur
965 1511 1094 1552 neque
1123 1512 1219 1539 vere
1250 1500 1393 1540 existit.
1455 1497 1605 1539 Rerum
1686 1538 1696 1556 ἦ

250 1575 490 1628 singularum
520 1577 724 1617 mixturam
755 1598 815 1606 —
846 1577 1091 1630 compositae
1128 1581 1258 1618 autem
1289 1580 1383 1617 sunt
1421 1590 1444 1617 e
1481 1581 1605 1618 mate-

250 1652 307 1692 ria
345 1656 385 1692 et
422 1650 524 1692 ideis
556 1674 612 1681 —
644 1650 841 1692 ordinavit
870 1650 993 1703 deus,
1032 1654 1097 1706 qui
1136 1666 1255 1707 quum
1293 1666 1447 1694 summe
1476 1652 1605 1694 bonus

251 1729 326 1778 sit,
364 1727 549 1770 mundum
588 1729 673 1770 vult
703 1743 818 1783 quam
849 1730 1038 1782 optimum
1068 1730 1275 1783 ipsiusque
1306 1743 1422 1784 quam
1452 1730 1605 1771 simil-li-

250 1817 355 1845 mum
384 1803 481 1846 fieri.
536 1804 710 1860 Spinoza
742 1818 855 1846 unam
888 1803 1133 1859 eandemque
1163 1805 1437 1858 substantiam,
1469 1807 1604 1848 cuine

250 1883 327 1935 ipsi
358 1880 517 1936 quidem
545 1897 666 1925 verae
697 1882 950 1925 diversitates
981 1887 1086 1934 sunt,
1117 1882 1235 1925 deum
1267 1889 1307 1925 et
1333 1885 1534 1925 materiam
1565 1888 1607 1924 et

251 1957 429 2011 singulas
469 1958 563 2001 facit
601 1973 688 2011 res,
728 1964 922 2014 quatenus
959 1959 1024 2000 bis
1063 1961 1271 2002 existentia
1309 1964 1444 2015 potest
1472 1959 1604 2003 tribui.

248 2033 472 2079 Immanens
511 2040 614 2079 enim
652 2037 798 2079 mundo
831 2037 931 2079 deus
964 2043 1038 2079 est.
1102 2037 1250 2079 Contra
1278 2037 1460 2079 Platonis
1503 2037 1605 2080 deus

251 2111 300 2153 ab
331 2113 430 2166 hoc,
463 2127 579 2169 quem
609 2115 737 2157 oculis
768 2116 977 2166 cernimus,
1007 2114 1104 2156 orbe
1134 2114 1392 2168 abalienatus,
1424 2117 1477 2156 inv
1494 2114 1606 2157 idea-

250 2203 335 2231 rum
366 2190 510 2233 mnndo
533 2198 807 2235 commoratur.
852 2191 1074 2234 Creationis
1094 2195 1327 2247 principium
1348 2192 1457 2247 apud
1477 2192 1606 2235 Grae-

252 2279 341 2308 cum
380 2272 445 2311 est
482 2267 621 2321 finale,
658 2268 928 2322 (zweckvoll)
966 2271 1173 2325 omniaque
1211 2269 1262 2313 ad
1302 2275 1452 2313 certum
1489 2270 1607 2313 finem

251 2349 435 2396 spectant
443 2359 457 2399 3
496 2345 672 2400 Spinoza
702 2347 847 2401 ubique
876 2347 986 2388 videt
1017 2361 1177 2389 causam
1210 2348 1466 2399 efficientem,
1506 2362 1607 2402 quae

252 2423 316 2460 est
335 2419 595 2475 substantia,
626 2422 679 2465 ad
716 2438 832 2479 quam
873 2429 1117 2467 revertamur
1146 2429 1315 2480 oportet.
1377 2422 1452 2467 Ille
1489 2412 1609 2479 orgass

251 2497 419 2538 nismnm
449 2499 583 2540 mundi
613 2502 782 2543 instituit
811 2505 940 2544 anima
969 2504 1222 2554 instructum
1258 2501 1438 2543 Judaeus
1478 2514 1607 2543 emor-

251 2565 358 2618 tuam
404 2588 569 2634 eamque
618 2579 858 2625 immobilem
907 2580 1175 2625 mechanicam
1221 2578 1274 2624 ad
1318 2594 1385 2623 res
1431 2578 1604 2625 adhibet.

1362 2658 1391 2702 4
