<?xml version="1.0" encoding="UTF-8"?>
<!DOCTYPE html PUBLIC "-//W3C//DTD XHTML 1.0 Transitional//EN"
    "http://www.w3.org/TR/xhtml1/DTD/xhtml1-transitional.dtd">
<html xmlns="http://www.w3.org/1999/xhtml" xml:lang="en" lang="en">
 <head>
  <title>
</title>
<meta http-equiv="Content-Type" content="text/html;charset=utf-8" />
  <meta name='ocr-system' content='tesseract 3.04.00' />
  <meta name='ocr-capabilities' content='ocr_page ocr_carea ocr_par ocr_line ocrx_word'/>
</head>
<body>
  <div class='ocr_page' id='page_1' title='image "4737999_0030.png"; bbox 0 0 1899 3113; ppageno 0'>
   <div class='ocr_carea' id='block_1_1' title="bbox 293 379 1659 2777">
    <p class='ocr_par' dir='ltr' id='par_1_1' title="bbox 295 379 1659 1064">
     <span class='ocr_line' id='line_1_1' title="bbox 295 379 1658 440; baseline 0 -13"><span class='ocrx_word' id='word_1_1' title='bbox 295 381 478 427; x_wconf 76' lang='lat' dir='ltr'><strong>Platonis</strong></span> <span class='ocrx_word' id='word_1_2' title='bbox 515 381 649 433; x_wconf 79' lang='lat' dir='ltr'><strong>ideas,</strong></span> <span class='ocrx_word' id='word_1_3' title='bbox 688 380 742 424; x_wconf 86' lang='lat' dir='ltr'><strong>ad</strong></span> <span class='ocrx_word' id='word_1_4' title='bbox 771 379 970 437; x_wconf 71' lang='lat' dir='ltr'><strong>spinosae</strong></span> <span class='ocrx_word' id='word_1_5' title='bbox 1000 379 1283 433; x_wconf 70' lang='lat' dir='ltr'><strong>substantiam</strong></span> <span class='ocrx_word' id='word_1_6' title='bbox 1323 382 1489 427; x_wconf 82' lang='lat' dir='ltr'><strong>alterum</strong></span> <span class='ocrx_word' id='word_1_7' title='bbox 1528 384 1658 440; x_wconf 84' lang='lat' dir='ltr'><strong>philo-</strong></span> 
     </span>
     <span class='ocr_line' id='line_1_2' title="bbox 297 460 1657 518; baseline 0.001 -15"><span class='ocrx_word' id='word_1_8' title='bbox 297 460 495 516; x_wconf 83' lang='lat' dir='ltr'><strong>sophandi</strong></span> <span class='ocrx_word' id='word_1_9' title='bbox 532 462 682 515; x_wconf 86' lang='lat' dir='ltr'><strong>ipsius,</strong></span> <span class='ocrx_word' id='word_1_10' title='bbox 726 473 864 514; x_wconf 88' lang='lat' dir='ltr'><strong>quem,</strong></span> <span class='ocrx_word' id='word_1_11' title='bbox 910 460 1149 514; x_wconf 76' lang='lat' dir='ltr'><strong>simulatque</strong></span> <span class='ocrx_word' id='word_1_12' title='bbox 1186 463 1265 502; x_wconf 84' lang='lat' dir='ltr'><strong>ista</strong></span> <span class='ocrx_word' id='word_1_13' title='bbox 1302 463 1496 516; x_wconf 87' lang='lat' dir='ltr'><strong>principia</strong></span> <span class='ocrx_word' id='word_1_14' title='bbox 1532 476 1657 518; x_wconf 78' lang='lat' dir='ltr'><strong>appa-</strong></span> 
     </span>
     <span class='ocr_line' id='line_1_3' title="bbox 296 537 1658 594; baseline 0.002 -14"><span class='ocrx_word' id='word_1_15' title='bbox 296 543 478 591; x_wconf 87' lang='lat' dir='ltr'><strong>ruerunt,</strong></span> <span class='ocrx_word' id='word_1_16' title='bbox 525 537 753 580; x_wconf 81' lang='lat' dir='ltr'><strong>firmissime</strong></span> <span class='ocrx_word' id='word_1_17' title='bbox 790 542 941 581; x_wconf 88' lang='lat' dir='ltr'><strong>tenent.</strong></span> <span class='ocrx_word' id='word_1_18' title='bbox 1005 537 1185 592; x_wconf 81' lang='lat' dir='ltr'><strong>Quorum</strong></span> <span class='ocrx_word' id='word_1_19' title='bbox 1225 540 1335 594; x_wconf 87' lang='lat' dir='ltr'><strong>prior</strong></span> <span class='ocrx_word' id='word_1_20' title='bbox 1371 537 1529 594; x_wconf 84' lang='lat' dir='ltr'><strong>quidem</strong></span> <span class='ocrx_word' id='word_1_21' title='bbox 1567 547 1658 594; x_wconf 75' lang='lat' dir='ltr'><strong>gra-</strong></span> 
     </span>
     <span class='ocr_line' id='line_1_4' title="bbox 298 615 1659 675; baseline 0.001 -17"><span class='ocrx_word' id='word_1_22' title='bbox 298 616 418 659; x_wconf 88' lang='lat' dir='ltr'><strong>duum</strong></span> <span class='ocrx_word' id='word_1_23' title='bbox 443 616 743 671; x_wconf 78' lang='lat' dir='ltr'><strong>disquisitiones</strong></span> <span class='ocrx_word' id='word_1_24' title='bbox 773 615 965 671; x_wconf 74' lang='lat' dir='ltr'><strong>quasdam</strong></span> <span class='ocrx_word' id='word_1_25' title='bbox 995 615 1046 658; x_wconf 84' lang='lat' dir='ltr'><strong>de</strong></span> <span class='ocrx_word' id='word_1_26' title='bbox 1075 617 1276 670; x_wconf 82' lang='lat' dir='ltr'><strong>cogitandi</strong></span> <span class='ocrx_word' id='word_1_27' title='bbox 1309 617 1659 675; x_wconf 75' lang='lat' dir='ltr'><strong>cognoscendique</strong></span> 
     </span>
     <span class='ocr_line' id='line_1_5' title="bbox 297 694 1659 751; baseline 0.001 -14"><span class='ocrx_word' id='word_1_28' title='bbox 297 700 436 738; x_wconf 82' lang='lat' dir='ltr'><strong>natura</strong></span> <span class='ocrx_word' id='word_1_29' title='bbox 466 697 670 738; x_wconf 85' lang='lat' dir='ltr'><strong>institutas</strong></span> <span class='ocrx_word' id='word_1_30' title='bbox 700 697 740 736; x_wconf 87' lang='lat' dir='ltr'><strong>in</strong></span> <span class='ocrx_word' id='word_1_31' title='bbox 771 708 819 737; x_wconf 86' lang='lat' dir='ltr'><strong>se</strong></span> <span class='ocrx_word' id='word_1_32' title='bbox 851 694 1162 751; x_wconf 82' lang='lat' dir='ltr'><strong>comprehendat</strong></span> <span class='ocrx_word' id='word_1_33' title='bbox 1192 709 1364 738; x_wconf 89' lang='lat' dir='ltr'><strong>necesse</strong></span> <span class='ocrx_word' id='word_1_34' title='bbox 1400 700 1482 747; x_wconf 84' lang='lat' dir='ltr'><strong>est3</strong></span> <span class='ocrx_word' id='word_1_35' title='bbox 1521 698 1562 738; x_wconf 89' lang='lat' dir='ltr'><strong>in</strong></span> <span class='ocrx_word' id='word_1_36' title='bbox 1598 695 1659 739; x_wconf 90' lang='lat' dir='ltr'><strong>al-</strong></span> 
     </span>
     <span class='ocr_line' id='line_1_6' title="bbox 296 773 1658 829; baseline 0.001 -14"><span class='ocrx_word' id='word_1_37' title='bbox 296 779 383 816; x_wconf 85' lang='lat' dir='ltr'><strong>tera</strong></span> <span class='ocrx_word' id='word_1_38' title='bbox 421 779 575 825; x_wconf 88' lang='lat' dir='ltr'><strong>autem,</strong></span> <span class='ocrx_word' id='word_1_39' title='bbox 613 773 921 829; x_wconf 87' lang='lat' dir='ltr'><strong>philosophandi</strong></span> <span class='ocrx_word' id='word_1_40' title='bbox 960 776 1219 815; x_wconf 85' lang='lat' dir='ltr'><strong>instrumento</strong></span> <span class='ocrx_word' id='word_1_41' title='bbox 1260 787 1310 814; x_wconf 83' lang='lat' dir='ltr'><strong>ac</strong></span> <span class='ocrx_word' id='word_1_42' title='bbox 1348 773 1466 815; x_wconf 90' lang='lat' dir='ltr'><strong>modo</strong></span> <span class='ocrx_word' id='word_1_43' title='bbox 1506 780 1658 829; x_wconf 87' lang='lat' dir='ltr'><strong>parato,</strong></span> 
     </span>
     <span class='ocr_line' id='line_1_7' title="bbox 296 851 1657 907; baseline 0.001 -14"><span class='ocrx_word' id='word_1_44' title='bbox 296 854 463 907; x_wconf 90' lang='lat' dir='ltr'><strong>primum</strong></span> <span class='ocrx_word' id='word_1_45' title='bbox 494 851 547 894; x_wconf 87' lang='lat' dir='ltr'><strong>ad</strong></span> <span class='ocrx_word' id='word_1_46' title='bbox 576 854 681 894; x_wconf 85' lang='lat' dir='ltr'><strong>viam</strong></span> <span class='ocrx_word' id='word_1_47' title='bbox 711 854 936 906; x_wconf 82' lang='lat' dir='ltr'><strong>respicitur,</strong></span> <span class='ocrx_word' id='word_1_48' title='bbox 968 865 1070 906; x_wconf 87' lang='lat' dir='ltr'><strong>quae</strong></span> <span class='ocrx_word' id='word_1_49' title='bbox 1100 851 1416 907; x_wconf 82' lang='lat' dir='ltr'><strong>perenn-ebatur,</strong></span> <span class='ocrx_word' id='word_1_50' title='bbox 1447 865 1538 894; x_wconf 87' lang='lat' dir='ltr'><strong>mox</strong></span> <span class='ocrx_word' id='word_1_51' title='bbox 1560 865 1657 895; x_wconf 84' lang='lat' dir='ltr'><strong>vero</strong></span> 
     </span>
     <span class='ocr_line' id='line_1_8' title="bbox 296 929 1656 985; baseline 0 -13"><span class='ocrx_word' id='word_1_52' title='bbox 296 929 350 972; x_wconf 87' lang='lat' dir='ltr'><strong>ad</strong></span> <span class='ocrx_word' id='word_1_53' title='bbox 379 944 447 971; x_wconf 88' lang='lat' dir='ltr'><strong>res</strong></span> <span class='ocrx_word' id='word_1_54' title='bbox 478 933 554 971; x_wconf 87' lang='lat' dir='ltr'><strong>itur</strong></span> <span class='ocrx_word' id='word_1_55' title='bbox 585 932 710 984; x_wconf 85' lang='lat' dir='ltr'><strong>ipsas,</strong></span> <span class='ocrx_word' id='word_1_56' title='bbox 741 943 905 985; x_wconf 86' lang='lat' dir='ltr'><strong>quarum</strong></span> <span class='ocrx_word' id='word_1_57' title='bbox 937 944 961 971; x_wconf 87' lang='lat' dir='ltr'><strong>e</strong></span> <span class='ocrx_word' id='word_1_58' title='bbox 990 930 1324 985; x_wconf 75' lang='lat' dir='ltr'><strong>contemplatione</strong></span> <span class='ocrx_word' id='word_1_59' title='bbox 1348 931 1495 972; x_wconf 81' lang='lat' dir='ltr'><strong>oriatur</strong></span> <span class='ocrx_word' id='word_1_60' title='bbox 1523 932 1656 972; x_wconf 82' lang='lat' dir='ltr'><strong>scicn-</strong></span> 
     </span>
     <span class='ocr_line' id='line_1_9' title="bbox 295 1007 673 1064; baseline -0.003 -14"><span class='ocrx_word' id='word_1_61' title='bbox 295 1009 351 1050; x_wconf 76' lang='lat' dir='ltr'><strong>tia</strong></span> <span class='ocrx_word' id='word_1_62' title='bbox 380 1007 673 1064; x_wconf 86' lang='lat' dir='ltr'><strong>philosophica.</strong></span> 
     </span>
    </p>

    <p class='ocr_par' dir='ltr' id='par_1_2' title="bbox 295 1084 1658 1609">
     <span class='ocr_line' id='line_1_10' title="bbox 385 1084 1657 1142; baseline 0.002 -14"><span class='ocrx_word' id='word_1_63' title='bbox 385 1087 451 1128; x_wconf 85' lang='lat' dir='ltr'><strong>Ac</strong></span> <span class='ocrx_word' id='word_1_64' title='bbox 490 1089 657 1142; x_wconf 90' lang='lat' dir='ltr'><strong>primum</strong></span> <span class='ocrx_word' id='word_1_65' title='bbox 697 1099 764 1128; x_wconf 90' lang='lat' dir='ltr'><strong>ars</strong></span> <span class='ocrx_word' id='word_1_66' title='bbox 804 1087 870 1128; x_wconf 87' lang='lat' dir='ltr'><strong>illa</strong></span> <span class='ocrx_word' id='word_1_67' title='bbox 910 1085 1240 1141; x_wconf 86' lang='lat' dir='ltr'><strong>propaedeutica,</strong></span> <span class='ocrx_word' id='word_1_68' title='bbox 1288 1084 1340 1128; x_wconf 80' lang='lat' dir='ltr'><strong>de</strong></span> <span class='ocrx_word' id='word_1_69' title='bbox 1379 1099 1456 1141; x_wconf 85' lang='lat' dir='ltr'><strong>qua</strong></span> <span class='ocrx_word' id='word_1_70' title='bbox 1495 1092 1657 1130; x_wconf 87' lang='lat' dir='ltr'><strong>acturus</strong></span> 
     </span>
     <span class='ocr_line' id='line_1_11' title="bbox 298 1162 1657 1220; baseline -0.001 -12"><span class='ocrx_word' id='word_1_71' title='bbox 298 1178 400 1217; x_wconf 81' lang='lat' dir='ltr'><strong>sum,</strong></span> <span class='ocrx_word' id='word_1_72' title='bbox 431 1165 509 1207; x_wconf 86' lang='lat' dir='ltr'><strong>alia</strong></span> <span class='ocrx_word' id='word_1_73' title='bbox 541 1170 606 1206; x_wconf 85' lang='lat' dir='ltr'><strong>est</strong></span> <span class='ocrx_word' id='word_1_74' title='bbox 624 1163 822 1217; x_wconf 83' lang='lat' dir='ltr'><strong>Platonis,</strong></span> <span class='ocrx_word' id='word_1_75' title='bbox 853 1165 929 1206; x_wconf 87' lang='lat' dir='ltr'><strong>alia</strong></span> <span class='ocrx_word' id='word_1_76' title='bbox 951 1163 1162 1220; x_wconf 87' lang='lat' dir='ltr'><strong>Spinozae.</strong></span> <span class='ocrx_word' id='word_1_77' title='bbox 1214 1162 1288 1205; x_wconf 88' lang='lat' dir='ltr'><strong>Ille</strong></span> <span class='ocrx_word' id='word_1_78' title='bbox 1319 1166 1422 1207; x_wconf 81' lang='lat' dir='ltr'><strong>euim</strong></span> <span class='ocrx_word' id='word_1_79' title='bbox 1453 1178 1530 1206; x_wconf 89' lang='lat' dir='ltr'><strong>non</strong></span> <span class='ocrx_word' id='word_1_80' title='bbox 1562 1167 1657 1207; x_wconf 90' lang='lat' dir='ltr'><strong>sim-</strong></span> 
     </span>
     <span class='ocr_line' id='line_1_12' title="bbox 296 1217 1658 1298; baseline 0.001 -14"><span class='ocrx_word' id='word_1_81' title='bbox 296 1243 473 1298; x_wconf 88' lang='lat' dir='ltr'><strong>pliciter,</strong></span> <span class='ocrx_word' id='word_1_82' title='bbox 512 1240 590 1284; x_wconf 92' lang='lat' dir='ltr'><strong>sed</strong></span> <span class='ocrx_word' id='word_1_83' title='bbox 626 1255 699 1297; x_wconf 88' lang='lat' dir='ltr'><strong>per</strong></span> <span class='ocrx_word' id='word_1_84' title='bbox 736 1217 928 1297; x_wconf 69' lang='lat' dir='ltr'><strong>plurimos</strong></span> <span class='ocrx_word' id='word_1_85' title='bbox 970 1237 1153 1295; x_wconf 82' lang='lat' dir='ltr'><strong>dialogos</strong></span> <span class='ocrx_word' id='word_1_86' title='bbox 1183 1241 1369 1296; x_wconf 86' lang='lat' dir='ltr'><strong>paulatim</strong></span> <span class='ocrx_word' id='word_1_87' title='bbox 1399 1242 1575 1284; x_wconf 80' lang='lat' dir='ltr'><strong>lectores</strong></span> <span class='ocrx_word' id='word_1_88' title='bbox 1604 1242 1658 1285; x_wconf 82' lang='lat' dir='ltr'><strong>ad</strong></span> 
     </span>
     <span class='ocr_line' id='line_1_13' title="bbox 296 1318 1657 1374; baseline 0.002 -13"><span class='ocrx_word' id='word_1_89' title='bbox 296 1319 473 1362; x_wconf 85' lang='lat' dir='ltr'><strong>idearum</strong></span> <span class='ocrx_word' id='word_1_90' title='bbox 512 1320 731 1362; x_wconf 82' lang='lat' dir='ltr'><strong>doctrinam</strong></span> <span class='ocrx_word' id='word_1_91' title='bbox 777 1320 931 1373; x_wconf 84' lang='lat' dir='ltr'><strong>elevat,</strong></span> <span class='ocrx_word' id='word_1_92' title='bbox 979 1334 1050 1374; x_wconf 87' lang='lat' dir='ltr'><strong>per</strong></span> <span class='ocrx_word' id='word_1_93' title='bbox 1089 1318 1338 1371; x_wconf 86' lang='lat' dir='ltr'><strong>Phaedrum,</strong></span> <span class='ocrx_word' id='word_1_94' title='bbox 1384 1319 1657 1373; x_wconf 84' lang='lat' dir='ltr'><strong>Theaetetum,</strong></span> 
     </span>
     <span class='ocr_line' id='line_1_14' title="bbox 295 1396 1657 1453; baseline 0.001 -15"><span class='ocrx_word' id='word_1_95' title='bbox 295 1396 589 1449; x_wconf 80' lang='lat' dir='ltr'><strong>Parmenidem,</strong></span> <span class='ocrx_word' id='word_1_96' title='bbox 620 1397 853 1453; x_wconf 83' lang='lat' dir='ltr'><strong>Sophistam</strong></span> <span class='ocrx_word' id='word_1_97' title='bbox 885 1396 935 1438; x_wconf 91' lang='lat' dir='ltr'><strong>ad</strong></span> <span class='ocrx_word' id='word_1_98' title='bbox 958 1396 1169 1439; x_wconf 87' lang='lat' dir='ltr'><strong>Philebum</strong></span> <span class='ocrx_word' id='word_1_99' title='bbox 1194 1398 1277 1451; x_wconf 86' lang='lat' dir='ltr'><strong>jam</strong></span> <span class='ocrx_word' id='word_1_100' title='bbox 1310 1398 1542 1452; x_wconf 80' lang='lat' dir='ltr'><strong>explicatius</strong></span> <span class='ocrx_word' id='word_1_101' title='bbox 1574 1398 1657 1440; x_wconf 88' lang='lat' dir='ltr'><strong>dis-</strong></span> 
     </span>
     <span class='ocr_line' id='line_1_15' title="bbox 297 1473 1656 1530; baseline 0.002 -14"><span class='ocrx_word' id='word_1_102' title='bbox 297 1481 516 1526; x_wconf 82' lang='lat' dir='ltr'><strong>serentem3</strong></span> <span class='ocrx_word' id='word_1_103' title='bbox 559 1475 735 1530; x_wconf 86' lang='lat' dir='ltr'><strong>Spinoza</strong></span> <span class='ocrx_word' id='word_1_104' title='bbox 770 1478 810 1516; x_wconf 86' lang='lat' dir='ltr'><strong>iu</strong></span> <span class='ocrx_word' id='word_1_105' title='bbox 841 1480 1012 1517; x_wconf 85' lang='lat' dir='ltr'><strong>tractatu</strong></span> <span class='ocrx_word' id='word_1_106' title='bbox 1044 1474 1094 1516; x_wconf 89' lang='lat' dir='ltr'><strong>dc</strong></span> <span class='ocrx_word' id='word_1_107' title='bbox 1126 1473 1400 1517; x_wconf 83' lang='lat' dir='ltr'><strong>emendatione</strong></span> <span class='ocrx_word' id='word_1_108' title='bbox 1430 1476 1656 1522; x_wconf 81' lang='lat' dir='ltr'><strong>intellectus</strong></span> 
     </span>
     <span class='ocr_line' id='line_1_16' title="bbox 296 1552 1247 1609; baseline -0.001 -15"><span class='ocrx_word' id='word_1_109' title='bbox 296 1554 491 1608; x_wconf 82' lang='lat' dir='ltr'><strong>inscripto</strong></span> <span class='ocrx_word' id='word_1_110' title='bbox 523 1556 663 1609; x_wconf 85' lang='lat' dir='ltr'><strong>paucis</strong></span> <span class='ocrx_word' id='word_1_111' title='bbox 693 1553 801 1595; x_wconf 78' lang='lat' dir='ltr'><strong>foliis</strong></span> <span class='ocrx_word' id='word_1_112' title='bbox 831 1558 977 1595; x_wconf 83' lang='lat' dir='ltr'><strong>tractat</strong></span> <span class='ocrx_word' id='word_1_113' title='bbox 1007 1552 1247 1594; x_wconf 88' lang='lat' dir='ltr'><strong>methodum.</strong></span> 
     </span>
    </p>

    <p class='ocr_par' dir='ltr' id='par_1_3' title="bbox 293 1629 1658 2777">
     <span class='ocr_line' id='line_1_17' title="bbox 385 1629 1655 1685; baseline 0.002 -12"><span class='ocrx_word' id='word_1_114' title='bbox 385 1631 504 1673; x_wconf 86' lang='lat' dir='ltr'><strong>Alter</strong></span> <span class='ocrx_word' id='word_1_115' title='bbox 534 1631 710 1674; x_wconf 85' lang='lat' dir='ltr'><strong>idearum</strong></span> <span class='ocrx_word' id='word_1_116' title='bbox 742 1645 857 1673; x_wconf 89' lang='lat' dir='ltr'><strong>usum</strong></span> <span class='ocrx_word' id='word_1_117' title='bbox 889 1633 928 1672; x_wconf 90' lang='lat' dir='ltr'><strong>in</strong></span> <span class='ocrx_word' id='word_1_118' title='bbox 959 1629 1298 1685; x_wconf 83' lang='lat' dir='ltr'><strong>philosophando,</strong></span> <span class='ocrx_word' id='word_1_119' title='bbox 1338 1631 1438 1673; x_wconf 83' lang='lat' dir='ltr'><strong>alter</strong></span> <span class='ocrx_word' id='word_1_120' title='bbox 1468 1631 1655 1675; x_wconf 84' lang='lat' dir='ltr'><strong>substan-</strong></span> 
     </span>
     <span class='ocr_line' id='line_1_18' title="bbox 296 1707 1657 1763; baseline 0.002 -13"><span class='ocrx_word' id='word_1_121' title='bbox 296 1712 377 1751; x_wconf 86' lang='lat' dir='ltr'><strong>tiae</strong></span> <span class='ocrx_word' id='word_1_122' title='bbox 407 1707 538 1750; x_wconf 88' lang='lat' dir='ltr'><strong>docet.</strong></span> <span class='ocrx_word' id='word_1_123' title='bbox 592 1708 773 1763; x_wconf 86' lang='lat' dir='ltr'><strong>Uterque</strong></span> <span class='ocrx_word' id='word_1_124' title='bbox 806 1708 902 1750; x_wconf 85' lang='lat' dir='ltr'><strong>dicit</strong></span> <span class='ocrx_word' id='word_1_125' title='bbox 934 1722 1028 1750; x_wconf 85' lang='lat' dir='ltr'><strong>esse</strong></span> <span class='ocrx_word' id='word_1_126' title='bbox 1059 1710 1340 1763; x_wconf 84' lang='lat' dir='ltr'><strong>perceptiones</strong></span> <span class='ocrx_word' id='word_1_127' title='bbox 1372 1715 1551 1763; x_wconf 87' lang='lat' dir='ltr'><strong>quatuor,</strong></span> <span class='ocrx_word' id='word_1_128' title='bbox 1582 1711 1657 1753; x_wconf 88' lang='lat' dir='ltr'><strong>sed</strong></span> 
     </span>
     <span class='ocr_line' id='line_1_19' title="bbox 293 1784 1656 1841; baseline 0.001 -13"><span class='ocrx_word' id='word_1_129' title='bbox 293 1785 412 1828; x_wconf 91' lang='lat' dir='ltr'><strong>Plato</strong></span> <span class='ocrx_word' id='word_1_130' title='bbox 445 1786 607 1828; x_wconf 85' lang='lat' dir='ltr'><strong>easdem</strong></span> <span class='ocrx_word' id='word_1_131' title='bbox 641 1786 780 1828; x_wconf 89' lang='lat' dir='ltr'><strong>dividit</strong></span> <span class='ocrx_word' id='word_1_132' title='bbox 810 1800 858 1828; x_wconf 89' lang='lat' dir='ltr'><strong>ac</strong></span> <span class='ocrx_word' id='word_1_133' title='bbox 887 1788 1046 1827; x_wconf 84' lang='lat' dir='ltr'><strong>metitur</strong></span> <span class='ocrx_word' id='word_1_134' title='bbox 1073 1785 1292 1828; x_wconf 87' lang='lat' dir='ltr'><strong>secundum</strong></span> <span class='ocrx_word' id='word_1_135' title='bbox 1306 1784 1489 1829; x_wconf 71' lang='lat' dir='ltr'><strong>naturam</strong></span> <span class='ocrx_word' id='word_1_136' title='bbox 1511 1802 1656 1841; x_wconf 85' lang='lat' dir='ltr'><strong>earum,</strong></span> 
     </span>
     <span class='ocr_line' id='line_1_20' title="bbox 296 1862 1656 1921; baseline 0.001 -14"><span class='ocrx_word' id='word_1_137' title='bbox 296 1877 399 1920; x_wconf 86' lang='lat' dir='ltr'><strong>quae</strong></span> <span class='ocrx_word' id='word_1_138' title='bbox 438 1869 754 1919; x_wconf 82' lang='lat' dir='ltr'><strong>cognoscuntur,</strong></span> <span class='ocrx_word' id='word_1_139' title='bbox 800 1877 952 1915; x_wconf 81' lang='lat' dir='ltr'><strong>rerum3</strong></span> <span class='ocrx_word' id='word_1_140' title='bbox 997 1862 1173 1919; x_wconf 89' lang='lat' dir='ltr'><strong>Spinoza</strong></span> <span class='ocrx_word' id='word_1_141' title='bbox 1214 1863 1434 1907; x_wconf 88' lang='lat' dir='ltr'><strong>secundum</strong></span> <span class='ocrx_word' id='word_1_142' title='bbox 1481 1867 1656 1921; x_wconf 84' lang='lat' dir='ltr'><strong>ipsarum</strong></span> 
     </span>
     <span class='ocr_line' id='line_1_21' title="bbox 294 1942 1653 2005; baseline 0.002 -22"><span class='ocrx_word' id='word_1_143' title='bbox 294 1942 460 1984; x_wconf 83' lang='lat' dir='ltr'><strong>formam</strong></span> <span class='ocrx_word' id='word_1_144' title='bbox 498 1956 548 1984; x_wconf 87' lang='lat' dir='ltr'><strong>ae</strong></span> <span class='ocrx_word' id='word_1_145' title='bbox 587 1950 767 2005; x_wconf 82' lang='lat' dir='ltr'><strong>naturam</strong></span> <span class='ocrx_word' id='word_1_146' title='bbox 814 1944 1114 1996; x_wconf 85' lang='lat' dir='ltr'><strong>perceptionum</strong></span> <span class='ocrx_word' id='word_1_147' title='bbox 1161 1942 1463 1995; x_wconf 83' lang='lat' dir='ltr'><strong>(conferantur,</strong></span> <span class='ocrx_word' id='word_1_148' title='bbox 1508 1943 1653 1998; x_wconf 85' lang='lat' dir='ltr'><strong>quibus</strong></span> 
     </span>
     <span class='ocr_line' id='line_1_22' title="bbox 294 2001 1654 2080; baseline 0.001 -18"><span class='ocrx_word' id='word_1_149' title='bbox 294 2020 398 2063; x_wconf 83' lang='lat' dir='ltr'><strong>haec</strong></span> <span class='ocrx_word' id='word_1_150' title='bbox 438 2001 707 2080; x_wconf 51' lang='lat' dir='ltr'><strong>exponuntur,</strong></span> <span class='ocrx_word' id='word_1_151' title='bbox 752 2018 857 2062; x_wconf 83' lang='lat' dir='ltr'><strong>Plat.</strong></span> <span class='ocrx_word' id='word_1_152' title='bbox 894 2019 997 2074; x_wconf 88' lang='lat' dir='ltr'><strong>Rep.</strong></span> <span class='ocrx_word' id='word_1_153' title='bbox 1029 2020 1058 2061; x_wconf 90' lang='lat' dir='ltr'><strong>l.</strong></span> <span class='ocrx_word' id='word_1_154' title='bbox 1089 2017 1160 2062; x_wconf 87' lang='lat' dir='ltr'><strong>Vl.</strong></span> <span class='ocrx_word' id='word_1_155' title='bbox 1202 2018 1275 2074; x_wconf 90' lang='lat' dir='ltr'><strong>Sp.</strong></span> <span class='ocrx_word' id='word_1_156' title='bbox 1308 2024 1358 2062; x_wconf 87' lang='lat' dir='ltr'><strong>tr.</strong></span> <span class='ocrx_word' id='word_1_157' title='bbox 1399 2019 1438 2062; x_wconf 88' lang='lat' dir='ltr'><strong>d.</strong></span> <span class='ocrx_word' id='word_1_158' title='bbox 1471 2035 1507 2063; x_wconf 85' lang='lat' dir='ltr'><strong>e.</strong></span> <span class='ocrx_word' id='word_1_159' title='bbox 1537 2021 1654 2078; x_wconf 88' lang='lat' dir='ltr'><strong>int.;)</strong></span> 
     </span>
     <span class='ocr_line' id='line_1_23' title="bbox 296 2090 1656 2156; baseline 0.001 -16"><span class='ocrx_word' id='word_1_160' title='bbox 296 2099 455 2141; x_wconf 79' lang='lat' dir='ltr'><strong>scilicet</strong></span> <span class='ocrx_word' id='word_1_161' title='bbox 476 2090 610 2145; x_wconf 53' lang='grc' dir='ltr'><strong>ΔΗ</strong></span> <span class='ocrx_word' id='word_1_162' title='bbox 600 2094 693 2156; x_wconf 56' lang='lat' dir='ltr'><strong>qd</strong></span> <span class='ocrx_word' id='word_1_163' title='bbox 698 2112 767 2141; x_wconf 86' lang='lat' dir='ltr'><strong>res</strong></span> <span class='ocrx_word' id='word_1_164' title='bbox 800 2103 984 2142; x_wconf 87' lang='lat' dir='ltr'><strong>externas</strong></span> <span class='ocrx_word' id='word_1_165' title='bbox 1016 2111 1249 2149; x_wconf 86' lang='lat' dir='ltr'><strong>conversus,</strong></span> <span class='ocrx_word' id='word_1_166' title='bbox 1280 2098 1381 2140; x_wconf 83' lang='lat' dir='ltr'><strong>alter</strong></span> <span class='ocrx_word' id='word_1_167' title='bbox 1411 2113 1519 2141; x_wconf 84' lang='lat' dir='ltr'><strong>mera</strong></span> <span class='ocrx_word' id='word_1_168' title='bbox 1547 2102 1656 2154; x_wconf 84' lang='lat' dir='ltr'><strong>cogi-</strong></span> 
     </span>
     <span class='ocr_line' id='line_1_24' title="bbox 296 2170 1657 2232; baseline 0.001 -13"><span class='ocrx_word' id='word_1_169' title='bbox 296 2179 446 2220; x_wconf 78' lang='lat' dir='ltr'><strong>tatione</strong></span> <span class='ocrx_word' id='word_1_170' title='bbox 463 2174 633 2224; x_wconf 62' lang='lat' dir='ltr'><strong>frema.</strong></span> <span class='ocrx_word' id='word_1_171' title='bbox 646 2170 729 2219; x_wconf 61' lang='lat' dir='ltr'><strong>eui</strong></span> <span class='ocrx_word' id='word_1_172' title='bbox 761 2178 983 2218; x_wconf 88' lang='lat' dir='ltr'><strong>sententiae</strong></span> <span class='ocrx_word' id='word_1_173' title='bbox 1014 2178 1049 2217; x_wconf 90' lang='lat' dir='ltr'><strong>si</strong></span> <span class='ocrx_word' id='word_1_174' title='bbox 1082 2178 1319 2218; x_wconf 84' lang='lat' dir='ltr'><strong>eontrarium</strong></span> <span class='ocrx_word' id='word_1_175' title='bbox 1348 2175 1517 2228; x_wconf 78' lang='lat' dir='ltr'><strong>videtur,</strong></span> <span class='ocrx_word' id='word_1_176' title='bbox 1549 2177 1657 2232; x_wconf 85' lang='lat' dir='ltr'><strong>quod</strong></span> 
     </span>
     <span class='ocr_line' id='line_1_25' title="bbox 297 2253 1656 2309; baseline 0.001 -13"><span class='ocrx_word' id='word_1_177' title='bbox 297 2254 474 2309; x_wconf 87' lang='lat' dir='ltr'><strong>Spinoza</strong></span> <span class='ocrx_word' id='word_1_178' title='bbox 501 2256 545 2296; x_wconf 75' lang='lat' dir='ltr'><strong>iu</strong></span> <span class='ocrx_word' id='word_1_179' title='bbox 572 2259 744 2296; x_wconf 78' lang='lat' dir='ltr'><strong>tractatu</strong></span> <span class='ocrx_word' id='word_1_180' title='bbox 776 2257 896 2296; x_wconf 87' lang='lat' dir='ltr'><strong>citato</strong></span> <span class='ocrx_word' id='word_1_181' title='bbox 936 2259 978 2295; x_wconf 88' lang='lat' dir='ltr'><strong>et</strong></span> <span class='ocrx_word' id='word_1_182' title='bbox 1007 2256 1046 2294; x_wconf 87' lang='lat' dir='ltr'><strong>in</strong></span> <span class='ocrx_word' id='word_1_183' title='bbox 1079 2253 1209 2296; x_wconf 86' lang='lat' dir='ltr'><strong>ethica</strong></span> <span class='ocrx_word' id='word_1_184' title='bbox 1244 2256 1381 2306; x_wconf 87' lang='lat' dir='ltr'><strong>etiam,</strong></span> <span class='ocrx_word' id='word_1_185' title='bbox 1419 2255 1656 2309; x_wconf 85' lang='lat' dir='ltr'><strong>saepissime</strong></span> 
     </span>
     <span class='ocr_line' id='line_1_26' title="bbox 296 2329 1656 2386; baseline 0.001 -13"><span class='ocrx_word' id='word_1_186' title='bbox 296 2331 413 2374; x_wconf 83' lang='lat' dir='ltr'><strong>ideas</strong></span> <span class='ocrx_word' id='word_1_187' title='bbox 444 2345 575 2373; x_wconf 89' lang='lat' dir='ltr'><strong>rerum</strong></span> <span class='ocrx_word' id='word_1_188' title='bbox 606 2329 800 2384; x_wconf 54' lang='lat' dir='ltr'><strong>annat,</strong></span> <span class='ocrx_word' id='word_1_189' title='bbox 838 2345 918 2373; x_wconf 92' lang='lat' dir='ltr'><strong>non</strong></span> <span class='ocrx_word' id='word_1_190' title='bbox 955 2344 1124 2386; x_wconf 74' lang='lat' dir='ltr'><strong>prorsus</strong></span> <span class='ocrx_word' id='word_1_191' title='bbox 1154 2336 1290 2385; x_wconf 86' lang='lat' dir='ltr'><strong>potest</strong></span> <span class='ocrx_word' id='word_1_192' title='bbox 1320 2330 1478 2385; x_wconf 89' lang='lat' dir='ltr'><strong>quidem</strong></span> <span class='ocrx_word' id='word_1_193' title='bbox 1508 2336 1656 2386; x_wconf 80' lang='lat' dir='ltr'><strong>negari,</strong></span> 
     </span>
     <span class='ocr_line' id='line_1_27' title="bbox 297 2406 1656 2463; baseline -0.001 -11"><span class='ocrx_word' id='word_1_194' title='bbox 297 2423 387 2452; x_wconf 91' lang='lat' dir='ltr'><strong>eum</strong></span> <span class='ocrx_word' id='word_1_195' title='bbox 427 2409 503 2451; x_wconf 90' lang='lat' dir='ltr'><strong>hac</strong></span> <span class='ocrx_word' id='word_1_196' title='bbox 543 2411 582 2449; x_wconf 87' lang='lat' dir='ltr'><strong>in</strong></span> <span class='ocrx_word' id='word_1_197' title='bbox 620 2423 665 2450; x_wconf 89' lang='lat' dir='ltr'><strong>re</strong></span> <span class='ocrx_word' id='word_1_198' title='bbox 702 2408 754 2450; x_wconf 88' lang='lat' dir='ltr'><strong>ad</strong></span> <span class='ocrx_word' id='word_1_199' title='bbox 792 2410 982 2463; x_wconf 88' lang='lat' dir='ltr'><strong>majorem</strong></span> <span class='ocrx_word' id='word_1_200' title='bbox 1028 2422 1117 2450; x_wconf 90' lang='lat' dir='ltr'><strong>cum</strong></span> <span class='ocrx_word' id='word_1_201' title='bbox 1154 2406 1326 2449; x_wconf 88' lang='lat' dir='ltr'><strong>Platone</strong></span> <span class='ocrx_word' id='word_1_202' title='bbox 1364 2408 1656 2451; x_wconf 85' lang='lat' dir='ltr'><strong>similitudinem</strong></span> 
     </span>
     <span class='ocr_line' id='line_1_28' title="bbox 297 2485 1657 2542; baseline 0.001 -13"><span class='ocrx_word' id='word_1_203' title='bbox 297 2485 507 2538; x_wconf 86' lang='lat' dir='ltr'><strong>accedere,</strong></span> <span class='ocrx_word' id='word_1_204' title='bbox 538 2485 614 2528; x_wconf 84' lang='lat' dir='ltr'><strong>sed</strong></span> <span class='ocrx_word' id='word_1_205' title='bbox 634 2492 778 2538; x_wconf 89' lang='lat' dir='ltr'><strong>tamen,</strong></span> <span class='ocrx_word' id='word_1_206' title='bbox 810 2501 929 2542; x_wconf 86' lang='lat' dir='ltr'><strong>quum</strong></span> <span class='ocrx_word' id='word_1_207' title='bbox 949 2492 1093 2542; x_wconf 86' lang='lat' dir='ltr'><strong>postea</strong></span> <span class='ocrx_word' id='word_1_208' title='bbox 1123 2491 1325 2541; x_wconf 84' lang='lat' dir='ltr'><strong>appareat,</strong></span> <span class='ocrx_word' id='word_1_209' title='bbox 1356 2490 1497 2529; x_wconf 84' lang='lat' dir='ltr'><strong>omnes</strong></span> <span class='ocrx_word' id='word_1_210' title='bbox 1527 2501 1657 2530; x_wconf 87' lang='lat' dir='ltr'><strong>rerum</strong></span> 
     </span>
     <span class='ocr_line' id='line_1_29' title="bbox 296 2556 1657 2620; baseline 0.001 -12"><span class='ocrx_word' id='word_1_211' title='bbox 296 2565 412 2609; x_wconf 83' lang='lat' dir='ltr'><strong>ideas</strong></span> <span class='ocrx_word' id='word_1_212' title='bbox 442 2565 518 2608; x_wconf 88' lang='lat' dir='ltr'><strong>sub</strong></span> <span class='ocrx_word' id='word_1_213' title='bbox 556 2579 635 2608; x_wconf 88' lang='lat' dir='ltr'><strong>una</strong></span> <span class='ocrx_word' id='word_1_214' title='bbox 674 2565 921 2609; x_wconf 84' lang='lat' dir='ltr'><strong>substantiae</strong></span> <span class='ocrx_word' id='word_1_215' title='bbox 960 2564 1051 2608; x_wconf 86' lang='lat' dir='ltr'><strong>idea</strong></span> <span class='ocrx_word' id='word_1_216' title='bbox 1089 2562 1371 2620; x_wconf 81' lang='lat' dir='ltr'><strong>concipiendas</strong></span> <span class='ocrx_word' id='word_1_217' title='bbox 1412 2556 1525 2618; x_wconf 78' lang='lat' dir='ltr'><strong>esse,</strong></span> <span class='ocrx_word' id='word_1_218' title='bbox 1564 2565 1657 2609; x_wconf 88' lang='lat' dir='ltr'><strong>illae</strong></span> 
     </span>
     <span class='ocr_line' id='line_1_30' title="bbox 294 2643 1658 2699; baseline -0.001 -12"><span class='ocrx_word' id='word_1_219' title='bbox 294 2643 479 2687; x_wconf 82' lang='lat' dir='ltr'><strong>Platonis</strong></span> <span class='ocrx_word' id='word_1_220' title='bbox 530 2643 645 2686; x_wconf 86' lang='lat' dir='ltr'><strong>ideae</strong></span> <span class='ocrx_word' id='word_1_221' title='bbox 696 2658 786 2685; x_wconf 88' lang='lat' dir='ltr'><strong>cum</strong></span> <span class='ocrx_word' id='word_1_222' title='bbox 830 2658 962 2686; x_wconf 87' lang='lat' dir='ltr'><strong>rerum</strong></span> <span class='ocrx_word' id='word_1_223' title='bbox 1007 2644 1249 2697; x_wconf 86' lang='lat' dir='ltr'><strong>singularum</strong></span> <span class='ocrx_word' id='word_1_224' title='bbox 1294 2643 1401 2698; x_wconf 89' lang='lat' dir='ltr'><strong>apud</strong></span> <span class='ocrx_word' id='word_1_225' title='bbox 1442 2643 1658 2699; x_wconf 86' lang='lat' dir='ltr'><strong>Spinozam</strong></span> 
     </span>
     <span class='ocr_line' id='line_1_31' title="bbox 297 2720 1658 2777; baseline 0 -14"><span class='ocrx_word' id='word_1_226' title='bbox 297 2721 400 2764; x_wconf 89' lang='lat' dir='ltr'><strong>ideis</strong></span> <span class='ocrx_word' id='word_1_227' title='bbox 439 2735 519 2764; x_wconf 87' lang='lat' dir='ltr'><strong>non</strong></span> <span class='ocrx_word' id='word_1_228' title='bbox 559 2723 811 2765; x_wconf 85' lang='lat' dir='ltr'><strong>conveniunt.</strong></span> <span class='ocrx_word' id='word_1_229' title='bbox 880 2720 1026 2776; x_wconf 87' lang='lat' dir='ltr'><strong>Neque</strong></span> <span class='ocrx_word' id='word_1_230' title='bbox 1065 2723 1182 2764; x_wconf 89' lang='lat' dir='ltr'><strong>etiam</strong></span> <span class='ocrx_word' id='word_1_231' title='bbox 1221 2720 1298 2764; x_wconf 88' lang='lat' dir='ltr'><strong>dici</strong></span> <span class='ocrx_word' id='word_1_232' title='bbox 1335 2725 1489 2777; x_wconf 78' lang='lat' dir='ltr'><strong>potest,</strong></span> <span class='ocrx_word' id='word_1_233' title='bbox 1527 2723 1658 2777; x_wconf 84' lang='lat' dir='ltr'><strong>ipsum</strong></span> 
     </span>
    </p>
   </div>
  </div>
 </body>
</html>
