1879 3100
826 189 1008 259 --4ῡ
1065 226 1154 271 -ψ

297 327 394 380 rita}
422 334 528 390 jam-
545 338 704 390 reperta
735 335 957 398 cognitioni
981 340 1034 382 et,
1051 331 1349 453 viWae
1379 335 1564 379 coosulat
1594 362 1651 371 -—

297 414 520 466 quaestioni
560 393 683 466 priori
723 425 818 466 resp
1000 420 1020 469 J
1079 416 1208 460 etna⁸
1263 415 1414 465 atonis,
1451 412 1651 468 Spinozae

290 487 517 552 emendatio
556 489 797 531 intellectus.
905 537 913 541 β
976 487 1257 546 &depravatus
1297 495 1378 542 est,
1424 495 1468 532 ut
1512 495 1652 532 censet

293 564 433 617 Plato,
457 565 702 628 ‹criminib‘us
720 571 784 606 *et
821 565 923 607 falso
954 566 1170 627 volutaq‘p
1191 577 1289 632 ψ
1308 566 1545 625 cognitio*
1575 567 1649 607 hu-

293 650 434 706 maffe
463 643 659 697 naturalis
692 656 768 684 seu
806 642 963 684 divinus
1001 632 1154 695 stritus,
1196 642 1259 686 cui
1297 643 1475 686 idearum
1513 644 1650 685 relicta

292 723 444 761 tantum
483 725 548 761 est
580 696 795 771 meffiffla,
834 718 1043 761 dialectica
1079 718 1193 763 ideas
1230 722 1285 762 in·
1308 720 1426 761 nobis
1465 725 1649 775 tanquam

293 798 447 849 sopitas
479 780 765 850 expergencit3
805 795 920 837 ideae
958 801 1087 837 autem
1127 810 1207 841 non
1235 797 1366 837 solum
1396 803 1491 838 sunt
1520 800 1649 838 notio-

292 885 379 923 nes,
411 871 487 913 sed
516 858 635 914 in⁸se
666 875 781 914 etiam
813 874 914 926 ipsis
945 885 1068 926 purae
1098 886 1147 916 ac
1178 874 1380 927 propriae3
1413 870 1556 926 dffle
1585 887 1649 915 re-

292 962 376 989 rum
408 946 558 990 formae
599 954 640 990 et
670 962 786 989 omne
816 948 878 999 id,
917 948 1025 1002 quod
1055 948 1105 989 de
1136 949 1257 990 rebus
1295 948 1545 1001 praedicatur
1581 962 1648 990 ea·
1714 963 1716 965 ·

292 1037 458 1079 rumque
496 1009 631 1067 veram
671 1027 886 1067 essentiam
918 1024 1048 1066 efficit.
1111 1023 1197 1065 Sed
1236 1024 1343 1079 quod
1380 1024 1433 1066 ad
1466 1024 1648 1067 dialecti-

293 1116 380 1144 cam
410 1104 563 1154 attinet,
592 1102 709 1143 ideae
739 1107 833 1143 sunt
862 1115 993 1143 merae
1023 1095 1222 1154 notiones,
1250 1116 1414 1159 quarum
1433 1088 1557 1143 totum
1579 1115 1647 1156 sy-

292 1183 434 1230 stema,
465 1181 647 1234 quoniam
677 1178 1030 1233 appropinquando
1060 1184 1210 1220 tantum
1238 1181 1500 1233 reperiuntur,
1528 1181 1647 1220 ratio-

290 1256 369 1297 nali
400 1254 519 1296 modo
552 1262 593 1297 et
622 1254 930 1309 argumentando
962 1268 1042 1296 non
1073 1255 1286 1309 disponere
1317 1257 1445 1309 potuit
1468 1255 1645 1309 philoso-

290 1332 409 1386 phus,
429 1328 515 1374 'sed
544 1333 668 1373 veluti
698 1333 803 1374 bona
833 1332 989 1374 fortuna
1020 1332 1165 1373 ductus
1195 1332 1377 1372 omnibus
1408 1331 1510 1373 ideis
1531 1345 1646 1385 prae-

289 1410 426 1461 posuit
462 1407 630 1459 bonum,
671 1411 818 1462 quippe
850 1407 957 1461 quod
986 1410 1164 1448 veritatis
1197 1413 1237 1448 et
1267 1409 1500 1449 existentiae
1537 1421 1646 1449 sum-

289 1498 391 1526 mam
423 1487 464 1525 in
495 1498 541 1525 se
572 1484 731 1526 habeat.
795 1484 944 1525 Contra
975 1483 1150 1537 Spinoza
1187 1484 1426 1524 intellectum
1460 1483 1645 1525 emenda-

290 1564 404 1600 turus
436 1559 649 1614 amplificat
679 1564 720 1601 et
751 1561 790 1600 in
822 1558 1012 1600 infinitum
1043 1563 1263 1613 promovet,
1293 1558 1410 1600 simul
1440 1564 1570 1602 autem
1590 1562 1645 1601 ita

290 1636 446 1687 definit,
476 1643 519 1677 ut
550 1636 613 1686 id,
643 1636 749 1689 quod
780 1634 990 1688 cogitando
1021 1637 1240 1676 invenimus
1279 1641 1319 1676 et
1347 1636 1536 1677 infinitum
1573 1651 1645 1677 vo-

291 1726 441 1763 camus,
473 1712 696 1754 substantia
727 1712 765 1753 h.
800 1725 835 1753 e.
868 1698 1044 1752 existens
1076 1711 1279 1752 habeatur.

376 1788 518 1841 Itaque
557 1787 663 1841 apud
703 1793 911 1840 utrumque
948 1788 1041 1827 talis
1082 1789 1319 1839 cognitionis
1365 1793 1406 1827 et
1452 1788 1644 1829 existendi

287 1866 379 1905 unio
412 1869 496 1917 est,
535 1869 580 1905 ut
617 1865 766 1905 veritas
805 1851 845 1904 in
877 1865 1085 1905 existentia
1116 1865 1203 1905 sive
1233 1865 1272 1904 in
1304 1876 1374 1915 eo,
1412 1862 1520 1918 quod
1549 1878 1644 1906 vere

288 1944 443 1992 existat,
474 1946 655 1994 ponatur.
717 1939 834 1980 Hunc
864 1953 960 1980 vero
991 1941 1236 1990 realismum,
1275 1953 1391 1993 quem
1425 1941 1476 1981 ab
1508 1941 1644 1981 utroli-

286 2017 355 2059 bet
387 2019 643 2059 constitutum
675 2029 768 2058 esse
799 2018 995 2073 ponimus,
1025 2020 1166 2059 neuter
1197 2015 1392 2071 ejusmodi
1423 2030 1517 2060 esse
1547 2017 1644 2070 vult,

286 2101 331 2135 ut
362 2097 490 2135 omnis
520 2096 698 2148 potentia
735 2107 783 2134 ac
822 2093 1012 2144 facultas,
1050 2097 1177 2134 omnis
1213 2096 1477 2148 praestantia,
1516 2097 1643 2135 omnis

287 2171 458 2226 denique
495 2172 645 2213 veritas
682 2170 759 2212 soli
800 2172 1033 2212 existentiae
1069 2170 1282 2223 tribuatur,
1328 2169 1404 2213 sed
1439 2172 1644 2226 utriusque

284 2249 458 2288 realismi
488 2247 630 2288 idealis
662 2252 726 2287 est
755 2246 1044 2300 quodammodo
1077 2249 1307 2300 conceptio,
1344 2247 1500 2287 scilicet
1536 2246 1644 2300 quod

284 2323 393 2379 apud
423 2323 561 2365 ambos
594 2329 634 2365 et
665 2325 841 2376 cogitare
880 2328 920 2364 et
950 2325 1114 2376 cogitari
1133 2324 1299 2377 rplurimi
1328 2323 1496 2364 habetur
1525 2327 1643 2377 atque

284 2400 326 2441 id
357 2405 505 2441 tantum
538 2413 632 2440 vere
664 2401 834 2439 existere
865 2396 1029 2453 dicitur,
1068 2398 1197 2452 quod,
1235 2406 1354 2452 quum
1385 2400 1546 2450 existat,
1586 2401 1643 2440 si-

284 2477 364 2518 mul
397 2479 515 2518 etiam
548 2476 612 2516 vel
645 2478 840 2528 cogitatur
869 2476 935 2516 vel
967 2478 1138 2528 cogitat,
1175 2474 1423 2517 Platonicam
1462 2475 1642 2529 philoso-

283 2554 417 2611 phiam
448 2552 491 2594 fit
521 2558 566 2593 ut
595 2552 798 2609 appellare
829 2554 965 2607 possis
995 2552 1221 2594 realismum
1241 2553 1354 2608 ejus,
1386 2551 1493 2609 quod
1512 2551 1642 2596 ideale
