1874 3126
779 124 832 176 ἢ

762 231 1055 275 -41-

237 351 344 407 apud
364 351 576 409 Spinozam
605 351 656 393 ab
687 350 776 393 idea
807 351 871 392 dei
897 352 979 405 jam
1011 355 1205 405 concepta
1231 348 1417 441 procosst
1441 352 1587 401 virtus3

238 429 333 471 dicit
363 431 465 471 enim
496 442 688 470 summum
718 431 860 470 mentis
892 433 1074 469 conatum
1105 441 1191 468 sum
1222 470 1225 472 ,
1256 407 1313 474 ἦλθ’
1403 429 1588 470 virtutem

238 519 350 557 esse,
381 519 448 546 res
478 505 697 565 intelligere
726 507 843 545 tertio
875 506 1111 557 cognitionis
1142 517 1307 556 genere,
1338 477 1446 558 quo‘d
1475 506 1588 559 posi·-

235 587 318 623 tum
365 586 430 623 est
474 583 514 621 in
560 585 753 634 concepta
799 580 864 621 dei
909 580 998 621 idea
1037 580 1269 634 adaequata.
1331 581 1587 635 Quapropter

235 657 343 712 apud
375 656 583 697 Platonem
613 669 765 697 summa
801 658 928 697 virtus
957 657 1083 708 magis
1113 658 1329 710 appetitur,
1367 656 1587 698 secundum

237 732 450 785 Spinozam
496 736 632 784 potest
675 730 886 784 possideri.
948 732 1104 784 Nempe
1140 730 1257 772 Plato
1304 732 1433 775 ideam
1479 734 1587 784 honi,

237 821 403 863 quacum
441 806 691 862 pulchritudo
732 812 773 849 et
809 807 1044 850 sufficientia
1082 808 1289 862 copulatae
1327 814 1439 861 sunt,
1477 815 1587 852 extra

235 899 310 944 nos
347 887 520 940 positam
560 889 600 926 et
637 884 886 927 inenarrabili
926 884 1096 940 quodam
1134 887 1263 939 spatio
1293 900 1317 926 a
1347 886 1463 928 nobis
1503 886 1586 929 dis-

236 968 383 1004 cretam
415 976 508 1004 esse
537 962 642 1003 vult:
681 962 856 1016 Spinoza
891 962 955 1004 dei
986 965 1073 1004 sive
1103 962 1348 1004 substantiae
1378 966 1586 1018 imaginem

236 1045 277 1082 et
314 1044 491 1081 naturam
531 1041 570 1079 iu
611 1039 725 1081 nobis
763 1041 864 1094 ipsis
896 1052 990 1080 esse
1019 1044 1152 1090 ratus,
1191 1038 1243 1080 ad
1281 1044 1438 1081 nosmet
1473 1043 1587 1095 ipsos

234 1117 331 1158 facit
367 1129 442 1157 nos
480 1114 663 1158 reduces.
726 1115 885 1157 Deinde
921 1121 1067 1157 statum
1106 1116 1306 1157 hominum
1344 1129 1587 1158 communem

235 1207 353 1248 quum
394 1192 576 1235 Graecus
618 1192 843 1234 criminibus
882 1197 1060 1248 paratum
1107 1198 1148 1234 et
1192 1188 1469 1247 depravatum,
1513 1193 1586 1235 Ju-

236 1269 360 1312 daeus
393 1270 629 1325 naturalem,
660 1268 736 1310 sed
765 1269 966 1311 erroribus
997 1269 1206 1311 obnoxium
1238 1283 1331 1311 esse
1363 1269 1488 1322 dicat,
1518 1272 1586 1312 ille

234 1352 356 1389 totam
384 1347 584 1388 hominum
611 1348 744 1397 vitam,
774 1347 840 1387 hic
860 1348 986 1399 magis
1006 1347 1248 1388 intellectum
1269 1347 1479 1389 emendare
1500 1353 1586 1390 stu-

236 1424 314 1466 det.
374 1423 513 1466 Fidem
550 1428 681 1465 autem
719 1424 1020 1465 immortalitatis
1057 1424 1124 1465 ille
1161 1423 1211 1465 ab
1250 1423 1424 1465 idearum
1455 1430 1585 1466 aeter-

233 1516 383 1553 narum,
421 1516 498 1556 qua
528 1501 701 1552 fruimur,
732 1514 928 1555 nunquam
958 1503 1178 1542 intereunte
1208 1503 1482 1554 possessione,
1519 1503 1585 1543 bic

234 1579 284 1620 ab
314 1581 443 1633 ipsius
475 1577 540 1619 dei
571 1577 776 1618 nobiscum
808 1568 1121 1631 participatione,
1152 1578 1267 1631 cujus
1297 1591 1435 1619 sumus
1455 1584 1586 1621 aeter-

233 1670 308 1697 nae
339 1656 574 1710 particulae,
614 1653 786 1697 deducit.
849 1653 910 1695 lta
939 1653 1056 1696 Plato
1088 1668 1164 1697 nos
1195 1653 1273 1696 diis
1303 1656 1584 1699 immortalibus

204 1737 425 1785 ‚cognatos
465 1745 559 1773 esse
595 1731 699 1782 vult,
739 1730 913 1784 Spinoza
951 1744 1040 1771 cum
1080 1730 1155 1773 deo
1193 1730 1483 1784 quodammodo
1516 1747 1584 1775 ex-

233 1814 387 1864 aequat.

321 1885 411 1928 Jam
440 1898 537 1927 vero
566 1883 683 1926 Plato
715 1886 784 1935 iis,
816 1886 882 1939 qui
912 1886 1018 1926 vitiis
1048 1887 1273 1927 servientes
1302 1899 1422 1928 verae
1450 1889 1584 1930 virtuti

233 1976 393 2018 operam
431 1975 510 2003 nou
549 1961 661 2014 dant,
698 1975 850 2015 poenas
881 1964 1081 2004 minitatus
1112 1965 1389 2015 gravissimas,
1428 1966 1583 2019 piorum

234 2045 273 2082 et
317 2041 521 2094 impiorum
559 2043 653 2093 post
688 2043 853 2081 mortem
890 2041 1010 2081 vitam
1048 2041 1212 2081 maxime
1251 2039 1448 2082 diversam
1488 2055 1583 2084 esse

233 2116 368 2158 docet:
422 2115 597 2169 Spinoza
640 2130 759 2170 quum
801 2118 957 2157 unicum
1003 2116 1191 2164 malorum
1232 2116 1379 2157 fontem
1416 2118 1583 2161 haberet

233 2206 417 2244 errorem,
457 2195 602 2233 erroris
631 2194 837 2242 inscitiam,
868 2191 1122 2246 liberamque⁴
1138 2192 1297 2234 tolleret
1325 2194 1583 2248 voluntatem,

231 2272 424 2313 neminem
463 2283 657 2312 accusans
696 2274 813 2324 atque
844 2271 1082 2330 increpans,
1126 2270 1294 2311 naturali
1338 2274 1581 2316 necessitate

231 2337 399 2405 poenam
429 2347 596 2391 affirmat
624 2349 738 2403 sequi
766 2352 1022 2402 peccatores,
1054 2362 1143 2389 cum
1175 2353 1313 2391 contra
1328 2352 1502 2404 ,sapiens
1523 2372 1582 2383 —

231 2428 285 2467 ita
320 2428 375 2468 ait
405 2449 463 2456 ——
494 2430 687 2480 quatenus
718 2429 763 2466 ut
790 2425 882 2468 talis
913 2424 1206 2478 consideratur,
1240 2428 1306 2468 vix
1336 2429 1465 2468 animo
1495 2442 1582 2469 mo-

231 2503 365 2554 vetur,
402 2503 478 2547 sed
516 2506 578 2544 sui
614 2508 654 2544 et
685 2503 749 2545 dei
781 2508 822 2544 et
850 2517 980 2545 rerum
1010 2509 1171 2546 aeterna
1201 2504 1370 2558 quodam
1401 2509 1582 2548 uecessi-

229 2583 311 2621 tate
352 2581 558 2631 conscius,
603 2593 799 2634 nunquam
838 2594 931 2624 esse
971 2580 1134 2632 desinit,
1177 2580 1253 2623 sed
1290 2595 1450 2636 semper
1486 2596 1583 2626 vera

230 2657 347 2699 animi
383 2658 678 2712 acquiescentia
715 2659 872 2713 potitur.
935 2657 1079 2713 Neque
1118 2663 1182 2700 est
1217 2658 1388 2702 beatitas
1423 2661 1582 2704 virtutis
