<?xml version="1.0" encoding="UTF-8"?>
<!DOCTYPE html PUBLIC "-//W3C//DTD XHTML 1.0 Transitional//EN"
    "http://www.w3.org/TR/xhtml1/DTD/xhtml1-transitional.dtd">
<html xmlns="http://www.w3.org/1999/xhtml" xml:lang="en" lang="en">
 <head>
  <title>
</title>
<meta http-equiv="Content-Type" content="text/html;charset=utf-8" />
  <meta name='ocr-system' content='tesseract 3.04.00' />
  <meta name='ocr-capabilities' content='ocr_page ocr_carea ocr_par ocr_line ocrx_word'/>
</head>
<body>
  <div class='ocr_page' id='page_1' title='image "4737999_0042.png"; bbox 0 0 1892 3114; ppageno 0'>
   <div class='ocr_carea' id='block_1_1' title="bbox 843 211 1208 256">
    <p class='ocr_par' dir='ltr' id='par_1_1' title="bbox 843 211 1208 256">
     <span class='ocr_line' id='line_1_1' title="bbox 843 211 1208 256; baseline -0.008 -12"><span class='ocrx_word' id='word_1_1' title='bbox 843 211 1208 256; x_wconf 64' lang='lat'><strong>-34-..</strong></span> 
     </span>
    </p>
   </div>
   <div class='ocr_carea' id='block_1_2' title="bbox 277 323 1721 2690">
    <p class='ocr_par' dir='ltr' id='par_1_2' title="bbox 277 323 1721 1384">
     <span class='ocr_line' id='line_1_2' title="bbox 314 323 1668 389; baseline 0.004 -16"><span class='ocrx_word' id='word_1_2' title='bbox 314 329 410 374; x_wconf 82' lang='lat' dir='ltr'><strong>nihil</strong></span> <span class='ocrx_word' id='word_1_3' title='bbox 442 327 701 373; x_wconf 84' lang='lat' dir='ltr'><strong>determinare</strong></span> <span class='ocrx_word' id='word_1_4' title='bbox 730 343 877 385; x_wconf 87' lang='lat' dir='ltr'><strong>posse,</strong></span> <span class='ocrx_word' id='word_1_5' title='bbox 906 345 983 373; x_wconf 89' lang='lat' dir='ltr'><strong>nec</strong></span> <span class='ocrx_word' id='word_1_6' title='bbox 1013 336 1184 373; x_wconf 84' lang='lat' dir='ltr'><strong>mentem</strong></span> <span class='ocrx_word' id='word_1_7' title='bbox 1215 331 1483 377; x_wconf 73' lang='lat' dir='ltr'><strong>determ&#39;mare&#39;</strong></span> <span class='ocrx_word' id='word_1_8' title='bbox 1508 323 1668 389; x_wconf 79' lang='lat' dir='ltr'><strong>corpus.</strong></span> 
     </span>
     <span class='ocr_line' id='line_1_3' title="bbox 311 406 1670 467; baseline 0.001 -16"><span class='ocrx_word' id='word_1_9' title='bbox 311 408 498 461; x_wconf 80' lang='lat' dir='ltr'><strong>„Etenim</strong></span> <span class='ocrx_word' id='word_1_10' title='bbox 530 408 673 449; x_wconf 88' lang='lat' dir='ltr'><strong>mentis</strong></span> <span class='ocrx_word' id='word_1_11' title='bbox 705 411 784 451; x_wconf 82' lang='lat' dir='ltr'><strong>tam</strong></span> <span class='ocrx_word' id='word_1_12' title='bbox 809 406 1012 450; x_wconf 88' lang='lat' dir='ltr'><strong>decretum</strong></span> <span class='ocrx_word' id='word_1_13' title='bbox 1044 421 1160 464; x_wconf 82' lang='lat' dir='ltr'><strong>quam</strong></span> <span class='ocrx_word' id='word_1_14' title='bbox 1190 411 1390 465; x_wconf 76' lang='lat' dir='ltr'><strong>appetitus</strong></span> <span class='ocrx_word' id='word_1_15' title='bbox 1416 415 1460 452; x_wconf 89' lang='lat' dir='ltr'><strong>et</strong></span> <span class='ocrx_word' id='word_1_16' title='bbox 1490 414 1670 467; x_wconf 80' lang='lat' dir='ltr'><strong>corporis</strong></span> 
     </span>
     <span class='ocr_line' id='line_1_4' title="bbox 313 477 1668 543; baseline 0.002 -16"><span class='ocrx_word' id='word_1_17' title='bbox 313 484 585 529; x_wconf 74' lang='lat' dir='ltr'><strong>determinatio</strong></span> <span class='ocrx_word' id='word_1_18' title='bbox 617 485 735 526; x_wconf 84' lang='lat' dir='ltr'><strong>simul</strong></span> <span class='ocrx_word' id='word_1_19' title='bbox 758 477 831 527; x_wconf 75' lang='lat' dir='ltr'><strong>¹est</strong></span> <span class='ocrx_word' id='word_1_20' title='bbox 859 490 1001 528; x_wconf 88' lang='lat' dir='ltr'><strong>natura</strong></span> <span class='ocrx_word' id='word_1_21' title='bbox 1030 486 1095 538; x_wconf 91' lang='lat' dir='ltr'><strong>(ut</strong></span> <span class='ocrx_word' id='word_1_22' title='bbox 1122 489 1198 539; x_wconf 84' lang='lat' dir='ltr'><strong>ait)</strong></span> <span class='ocrx_word' id='word_1_23' title='bbox 1230 487 1295 529; x_wconf 87' lang='lat' dir='ltr'><strong>vel</strong></span> <span class='ocrx_word' id='word_1_24' title='bbox 1321 489 1461 543; x_wconf 70' lang='lat' dir='ltr'><strong>,potius</strong></span> <span class='ocrx_word' id='word_1_25' title='bbox 1490 502 1570 530; x_wconf 88' lang='lat' dir='ltr'><strong>una</strong></span> <span class='ocrx_word' id='word_1_26' title='bbox 1601 501 1668 530; x_wconf 81' lang='lat' dir='ltr'><strong>ea-</strong></span> 
     </span>
     <span class='ocr_line' id='line_1_5' title="bbox 311 561 1668 620; baseline 0.002 -17"><span class='ocrx_word' id='word_1_27' title='bbox 311 561 480 617; x_wconf 80' lang='lat' dir='ltr'><strong>demque</strong></span> <span class='ocrx_word' id='word_1_28' title='bbox 510 575 599 614; x_wconf 87' lang='lat' dir='ltr'><strong>res,</strong></span> <span class='ocrx_word' id='word_1_29' title='bbox 636 575 752 616; x_wconf 79' lang='lat' dir='ltr'><strong>qnam</strong></span> <span class='ocrx_word' id='word_1_30' title='bbox 791 561 948 617; x_wconf 81' lang='lat' dir='ltr'><strong>quando</strong></span> <span class='ocrx_word' id='word_1_31' title='bbox 980 562 1056 604; x_wconf 84' lang='lat' dir='ltr'><strong>sub</strong></span> <span class='ocrx_word' id='word_1_32' title='bbox 1087 566 1338 618; x_wconf 77' lang='lat' dir='ltr'><strong>cogitationis</strong></span> <span class='ocrx_word' id='word_1_33' title='bbox 1367 567 1505 620; x_wconf 84' lang='lat' dir='ltr'><strong>specie</strong></span> <span class='ocrx_word' id='word_1_34' title='bbox 1535 567 1668 607; x_wconf 84' lang='lat' dir='ltr'><strong>consi-</strong></span> 
     </span>
     <span class='ocr_line' id='line_1_6' title="bbox 310 638 1721 696; baseline 0.004 -16"><span class='ocrx_word' id='word_1_35' title='bbox 310 639 509 692; x_wconf 86' lang='lat' dir='ltr'><strong>deramus,</strong></span> <span class='ocrx_word' id='word_1_36' title='bbox 539 638 744 683; x_wconf 81' lang='lat' dir='ltr'><strong>decretum</strong></span> <span class='ocrx_word' id='word_1_37' title='bbox 773 640 1034 694; x_wconf 70' lang='lat' dir='ltr'><strong>appellamus,</strong></span> <span class='ocrx_word' id='word_1_38' title='bbox 1066 646 1108 683; x_wconf 78' lang='lat' dir='ltr'><strong>et</strong></span> <span class='ocrx_word' id='word_1_39' title='bbox 1137 641 1293 696; x_wconf 71' lang='lat' dir='ltr'><strong>qnando</strong></span> <span class='ocrx_word' id='word_1_40' title='bbox 1327 642 1404 684; x_wconf 89' lang='lat' dir='ltr'><strong>sub</strong></span> <span class='ocrx_word' id='word_1_41' title='bbox 1426 644 1668 686; x_wconf 82' lang='lat' dir='ltr'><strong>extensionis</strong></span> <span class='ocrx_word' id='word_1_42' title='bbox 1717 639 1721 643; x_wconf 73' lang='grc'><strong>’</strong></span> 
     </span>
     <span class='ocr_line' id='line_1_7' title="bbox 309 708 1667 774; baseline 0.002 -17"><span class='ocrx_word' id='word_1_43' title='bbox 309 715 630 770; x_wconf 73' lang='lat' dir='ltr'><strong>consideramus,</strong></span> <span class='ocrx_word' id='word_1_44' title='bbox 671 721 712 758; x_wconf 91' lang='lat' dir='ltr'><strong>et</strong></span> <span class='ocrx_word' id='word_1_45' title='bbox 742 731 791 759; x_wconf 89' lang='lat' dir='ltr'><strong>ex</strong></span> <span class='ocrx_word' id='word_1_46' title='bbox 825 708 983 770; x_wconf 75' lang='lat' dir='ltr'><strong>legibus</strong></span> <span class='ocrx_word' id='word_1_47' title='bbox 1013 722 1145 762; x_wconf 74' lang='lat' dir='ltr'><strong>motu·</strong></span> <span class='ocrx_word' id='word_1_48' title='bbox 1176 724 1217 760; x_wconf 92' lang='lat' dir='ltr'><strong>et</strong></span> <span class='ocrx_word' id='word_1_49' title='bbox 1246 721 1390 774; x_wconf 75' lang='lat' dir='ltr'><strong>quietis</strong></span> <span class='ocrx_word' id='word_1_50' title='bbox 1423 718 1667 770; x_wconf 77' lang='lat' dir='ltr'><strong>deducimus,</strong></span> 
     </span>
     <span class='ocr_line' id='line_1_8' title="bbox 309 793 1667 848; baseline 0.002 -14"><span class='ocrx_word' id='word_1_51' title='bbox 309 793 674 835; x_wconf 79' lang='lat' dir='ltr'><strong>determinationem</strong></span> <span class='ocrx_word' id='word_1_52' title='bbox 704 795 937 846; x_wconf 52' lang='lat' dir='ltr'><strong>vocamus?</strong></span> <span class='ocrx_word' id='word_1_53' title='bbox 969 794 1096 848; x_wconf 82' lang='lat' dir='ltr'><strong>Cujus</strong></span> <span class='ocrx_word' id='word_1_54' title='bbox 1127 797 1348 840; x_wconf 71' lang='lat' dir='ltr'><strong>sentcntiae</strong></span> <span class='ocrx_word' id='word_1_55' title='bbox 1378 797 1514 840; x_wconf 77' lang='lat' dir='ltr'><strong>ultima</strong></span> <span class='ocrx_word' id='word_1_56' title='bbox 1544 795 1667 839; x_wconf 70' lang='lat' dir='ltr'><strong>verba</strong></span> 
     </span>
     <span class='ocr_line' id='line_1_9' title="bbox 277 871 1666 927; baseline 0.002 -16"><span class='ocrx_word' id='word_1_57' title='bbox 277 873 455 925; x_wconf 87' lang='lat' dir='ltr'><strong>·optime</strong></span> <span class='ocrx_word' id='word_1_58' title='bbox 482 874 681 913; x_wconf 80' lang='lat' dir='ltr'><strong>testantur</strong></span> <span class='ocrx_word' id='word_1_59' title='bbox 706 873 808 926; x_wconf 85' lang='lat' dir='ltr'><strong>ipsa,</strong></span> <span class='ocrx_word' id='word_1_60' title='bbox 839 871 1166 926; x_wconf 74' lang='lat' dir='ltr'><strong>quemadmodum</strong></span> <span class='ocrx_word' id='word_1_61' title='bbox 1195 871 1246 915; x_wconf 88' lang='lat' dir='ltr'><strong>de</strong></span> <span class='ocrx_word' id='word_1_62' title='bbox 1276 872 1510 927; x_wconf 74' lang='lat' dir='ltr'><strong>corporibus</strong></span> <span class='ocrx_word' id='word_1_63' title='bbox 1540 872 1666 915; x_wconf 81' lang='lat' dir='ltr'><strong>homi-</strong></span> 
     </span>
     <span class='ocr_line' id='line_1_10' title="bbox 305 946 1665 1002; baseline 0.001 -14"><span class='ocrx_word' id='word_1_64' title='bbox 305 962 399 991; x_wconf 85' lang='lat' dir='ltr'><strong>num</strong></span> <span class='ocrx_word' id='word_1_65' title='bbox 423 946 664 1001; x_wconf 72' lang='lat' dir='ltr'><strong>judicaverit</strong></span> <span class='ocrx_word' id='word_1_66' title='bbox 693 947 881 1002; x_wconf 85' lang='lat' dir='ltr'><strong>Spinoza.</strong></span> <span class='ocrx_word' id='word_1_67' title='bbox 926 948 1187 990; x_wconf 68' lang='lat' dir='ltr'><strong>mechanicas</strong></span> <span class='ocrx_word' id='word_1_68' title='bbox 1219 951 1321 990; x_wconf 85' lang='lat' dir='ltr'><strong>enim</strong></span> <span class='ocrx_word' id='word_1_69' title='bbox 1350 954 1500 990; x_wconf 85' lang='lat' dir='ltr'><strong>tantum</strong></span> <span class='ocrx_word' id='word_1_70' title='bbox 1531 951 1665 1002; x_wconf 78' lang='lat' dir='ltr'><strong>seqni-</strong></span> 
     </span>
     <span class='ocr_line' id='line_1_11' title="bbox 303 1025 1664 1079; baseline -0.001 -13"><span class='ocrx_word' id='word_1_71' title='bbox 303 1030 369 1066; x_wconf 86' lang='lat' dir='ltr'><strong>tur</strong></span> <span class='ocrx_word' id='word_1_72' title='bbox 397 1025 511 1078; x_wconf 84' lang='lat' dir='ltr'><strong>leges</strong></span> <span class='ocrx_word' id='word_1_73' title='bbox 542 1029 663 1079; x_wconf 78' lang='lat' dir='ltr'><strong>atque</strong></span> <span class='ocrx_word' id='word_1_74' title='bbox 694 1025 896 1076; x_wconf 85' lang='lat' dir='ltr'><strong>enucleat,</strong></span> <span class='ocrx_word' id='word_1_75' title='bbox 936 1027 1043 1068; x_wconf 86' lang='lat' dir='ltr'><strong>vitae</strong></span> <span class='ocrx_word' id='word_1_76' title='bbox 1080 1027 1290 1078; x_wconf 72' lang='lat' dir='ltr'><strong>organicae</strong></span> <span class='ocrx_word' id='word_1_77' title='bbox 1328 1031 1506 1068; x_wconf 81' lang='lat' dir='ltr'><strong>naturam</strong></span> <span class='ocrx_word' id='word_1_78' title='bbox 1537 1027 1664 1067; x_wconf 88' lang='lat' dir='ltr'><strong>neuti-</strong></span> 
     </span>
     <span class='ocr_line' id='line_1_12' title="bbox 305 1100 1663 1156; baseline -0.001 -12"><span class='ocrx_word' id='word_1_79' title='bbox 305 1115 422 1156; x_wconf 85' lang='lat' dir='ltr'><strong>quam</strong></span> <span class='ocrx_word' id='word_1_80' title='bbox 460 1103 723 1156; x_wconf 74' lang='lat' dir='ltr'><strong>perspiciens.</strong></span> <span class='ocrx_word' id='word_1_81' title='bbox 792 1100 891 1144; x_wconf 80' lang='lat' dir='ltr'><strong>Mox</strong></span> <span class='ocrx_word' id='word_1_82' title='bbox 926 1114 1022 1144; x_wconf 87' lang='lat' dir='ltr'><strong>vero</strong></span> <span class='ocrx_word' id='word_1_83' title='bbox 1059 1127 1107 1138; x_wconf 89' lang='lat'><strong>—</strong></span> <span class='ocrx_word' id='word_1_84' title='bbox 1144 1115 1259 1156; x_wconf 84' lang='lat' dir='ltr'><strong>quam</strong></span> <span class='ocrx_word' id='word_1_85' title='bbox 1303 1101 1487 1145; x_wconf 86' lang='lat' dir='ltr'><strong>diversus</strong></span> <span class='ocrx_word' id='word_1_86' title='bbox 1518 1102 1593 1143; x_wconf 78' lang='lat' dir='ltr'><strong>hac</strong></span> <span class='ocrx_word' id='word_1_87' title='bbox 1624 1103 1663 1142; x_wconf 91' lang='lat' dir='ltr'><strong>in</strong></span> 
     </span>
     <span class='ocr_line' id='line_1_13' title="bbox 303 1175 1662 1232; baseline 0 -13"><span class='ocrx_word' id='word_1_88' title='bbox 303 1193 348 1220; x_wconf 90' lang='lat' dir='ltr'><strong>re</strong></span> <span class='ocrx_word' id='word_1_89' title='bbox 385 1193 411 1221; x_wconf 84' lang='lat' dir='ltr'><strong>a</strong></span> <span class='ocrx_word' id='word_1_90' title='bbox 446 1177 637 1221; x_wconf 80' lang='lat' dir='ltr'><strong>Platone!</strong></span> <span class='ocrx_word' id='word_1_91' title='bbox 674 1200 731 1209; x_wconf 84' lang='lat'>-</span> <span class='ocrx_word' id='word_1_92' title='bbox 763 1192 788 1219; x_wconf 94' lang='lat' dir='ltr'><strong>a</strong></span> <span class='ocrx_word' id='word_1_93' title='bbox 819 1175 999 1232; x_wconf 85' lang='lat' dir='ltr'><strong>corporis</strong></span> <span class='ocrx_word' id='word_1_94' title='bbox 1038 1179 1195 1221; x_wconf 83' lang='lat' dir='ltr'><strong>humani</strong></span> <span class='ocrx_word' id='word_1_95' title='bbox 1235 1179 1453 1223; x_wconf 83' lang='lat' dir='ltr'><strong>rationibus</strong></span> <span class='ocrx_word' id='word_1_96' title='bbox 1490 1192 1537 1220; x_wconf 86' lang='lat' dir='ltr'><strong>se</strong></span> <span class='ocrx_word' id='word_1_97' title='bbox 1566 1192 1662 1219; x_wconf 90' lang='lat' dir='ltr'><strong>con-</strong></span> 
     </span>
     <span class='ocr_line' id='line_1_14' title="bbox 302 1254 1661 1310; baseline -0.001 -13"><span class='ocrx_word' id='word_1_98' title='bbox 302 1258 422 1298; x_wconf 87' lang='lat' dir='ltr'><strong>vertit</strong></span> <span class='ocrx_word' id='word_1_99' title='bbox 457 1254 510 1298; x_wconf 90' lang='lat' dir='ltr'><strong>ad</strong></span> <span class='ocrx_word' id='word_1_100' title='bbox 546 1257 734 1306; x_wconf 86' lang='lat' dir='ltr'><strong>animam,</strong></span> <span class='ocrx_word' id='word_1_101' title='bbox 771 1255 888 1307; x_wconf 89' lang='lat' dir='ltr'><strong>cujus</strong></span> <span class='ocrx_word' id='word_1_102' title='bbox 927 1259 969 1295; x_wconf 89' lang='lat' dir='ltr'><strong>et</strong></span> <span class='ocrx_word' id='word_1_103' title='bbox 1002 1257 1215 1309; x_wconf 86' lang='lat' dir='ltr'><strong>passiones</strong></span> <span class='ocrx_word' id='word_1_104' title='bbox 1248 1260 1289 1297; x_wconf 93' lang='lat' dir='ltr'><strong>et</strong></span> <span class='ocrx_word' id='word_1_105' title='bbox 1318 1257 1532 1310; x_wconf 83' lang='lat' dir='ltr'><strong>potentiam</strong></span> <span class='ocrx_word' id='word_1_106' title='bbox 1563 1257 1661 1296; x_wconf 85' lang='lat' dir='ltr'><strong>miro</strong></span> 
     </span>
     <span class='ocr_line' id='line_1_15' title="bbox 301 1331 687 1384; baseline -0.003 -10"><span class='ocrx_word' id='word_1_107' title='bbox 301 1334 482 1374; x_wconf 85' lang='lat' dir='ltr'><strong>acumine</strong></span> <span class='ocrx_word' id='word_1_108' title='bbox 512 1331 687 1384; x_wconf 79' lang='lat' dir='ltr'><strong>indagat.</strong></span> 
     </span>
    </p>

    <p class='ocr_par' dir='ltr' id='par_1_3' title="bbox 295 1409 1660 2228">
     <span class='ocr_line' id='line_1_16' title="bbox 390 1409 1660 1463; baseline -0.001 -13"><span class='ocrx_word' id='word_1_109' title='bbox 390 1409 560 1450; x_wconf 87' lang='lat' dir='ltr'><strong>Animae</strong></span> <span class='ocrx_word' id='word_1_110' title='bbox 590 1409 771 1449; x_wconf 86' lang='lat' dir='ltr'><strong>nimirum</strong></span> <span class='ocrx_word' id='word_1_111' title='bbox 804 1413 844 1449; x_wconf 92' lang='lat' dir='ltr'><strong>et</strong></span> <span class='ocrx_word' id='word_1_112' title='bbox 874 1410 1053 1449; x_wconf 83' lang='lat' dir='ltr'><strong>actiones</strong></span> <span class='ocrx_word' id='word_1_113' title='bbox 1086 1413 1126 1449; x_wconf 90' lang='lat' dir='ltr'><strong>et</strong></span> <span class='ocrx_word' id='word_1_114' title='bbox 1156 1410 1367 1463; x_wconf 75' lang='lat' dir='ltr'><strong>passiones</strong></span> <span class='ocrx_word' id='word_1_115' title='bbox 1392 1421 1487 1450; x_wconf 86' lang='lat' dir='ltr'><strong>esse</strong></span> <span class='ocrx_word' id='word_1_116' title='bbox 1508 1409 1660 1449; x_wconf 81' lang='lat' dir='ltr'><strong>statuit.</strong></span> 
     </span>
     <span class='ocr_line' id='line_1_17' title="bbox 302 1483 1658 1539; baseline -0.001 -12"><span class='ocrx_word' id='word_1_117' title='bbox 302 1487 437 1539; x_wconf 81' lang='lat' dir='ltr'><strong>Quum</strong></span> <span class='ocrx_word' id='word_1_118' title='bbox 466 1485 685 1526; x_wconf 86' lang='lat' dir='ltr'><strong>habeamus</strong></span> <span class='ocrx_word' id='word_1_119' title='bbox 716 1483 908 1536; x_wconf 82' lang='lat' dir='ltr'><strong>affectus,</strong></span> <span class='ocrx_word' id='word_1_120' title='bbox 939 1487 1006 1538; x_wconf 86' lang='lat' dir='ltr'><strong>qui</strong></span> <span class='ocrx_word' id='word_1_121' title='bbox 1027 1484 1080 1525; x_wconf 88' lang='lat' dir='ltr'><strong>ad</strong></span> <span class='ocrx_word' id='word_1_122' title='bbox 1101 1498 1247 1538; x_wconf 88' lang='lat' dir='ltr'><strong>corpus</strong></span> <span class='ocrx_word' id='word_1_123' title='bbox 1267 1487 1485 1538; x_wconf 83' lang='lat' dir='ltr'><strong>pertinent,</strong></span> <span class='ocrx_word' id='word_1_124' title='bbox 1516 1484 1658 1538; x_wconf 81' lang='lat' dir='ltr'><strong>quibus</strong></span> 
     </span>
     <span class='ocr_line' id='line_1_18' title="bbox 301 1559 1659 1616; baseline 0 -13"><span class='ocrx_word' id='word_1_125' title='bbox 301 1565 430 1616; x_wconf 86' lang='lat' dir='ltr'><strong>ipsius</strong></span> <span class='ocrx_word' id='word_1_126' title='bbox 470 1563 651 1615; x_wconf 87' lang='lat' dir='ltr'><strong>corporis</strong></span> <span class='ocrx_word' id='word_1_127' title='bbox 682 1559 827 1613; x_wconf 82' lang='lat' dir='ltr'><strong>agendi</strong></span> <span class='ocrx_word' id='word_1_128' title='bbox 857 1563 1033 1614; x_wconf 85' lang='lat' dir='ltr'><strong>potentia</strong></span> <span class='ocrx_word' id='word_1_129' title='bbox 1063 1560 1323 1613; x_wconf 56' lang='lat' dir='ltr'><strong>augetur—vel</strong></span> <span class='ocrx_word' id='word_1_130' title='bbox 1353 1562 1557 1612; x_wconf 83' lang='lat' dir='ltr'><strong>minuitur,</strong></span> <span class='ocrx_word' id='word_1_131' title='bbox 1592 1561 1659 1614; x_wconf 88' lang='lat' dir='ltr'><strong>ju-</strong></span> 
     </span>
     <span class='ocr_line' id='line_1_19' title="bbox 300 1635 1658 1681; baseline 0 -1"><span class='ocrx_word' id='word_1_132' title='bbox 300 1644 417 1681; x_wconf 87' lang='lat' dir='ltr'><strong>vatur</strong></span> <span class='ocrx_word' id='word_1_133' title='bbox 455 1639 519 1679; x_wconf 89' lang='lat' dir='ltr'><strong>vel</strong></span> <span class='ocrx_word' id='word_1_134' title='bbox 558 1642 766 1679; x_wconf 87' lang='lat' dir='ltr'><strong>coercetur</strong></span> <span class='ocrx_word' id='word_1_135' title='bbox 808 1663 857 1672; x_wconf 91' lang='lat'><em>-</em></span> <span class='ocrx_word' id='word_1_136' title='bbox 906 1651 1039 1679; x_wconf 90' lang='lat' dir='ltr'><strong>eorum</strong></span> <span class='ocrx_word' id='word_1_137' title='bbox 1079 1637 1287 1679; x_wconf 84' lang='lat' dir='ltr'><strong>affectuum</strong></span> <span class='ocrx_word' id='word_1_138' title='bbox 1324 1636 1515 1679; x_wconf 86' lang='lat' dir='ltr'><strong>habemus</strong></span> <span class='ocrx_word' id='word_1_139' title='bbox 1546 1635 1658 1680; x_wconf 81' lang='lat' dir='ltr'><strong>ideas</strong></span> 
     </span>
     <span class='ocr_line' id='line_1_20' title="bbox 300 1714 1657 1768; baseline -0.001 -12"><span class='ocrx_word' id='word_1_140' title='bbox 300 1719 340 1756; x_wconf 90' lang='lat' dir='ltr'><strong>in</strong></span> <span class='ocrx_word' id='word_1_141' title='bbox 379 1720 531 1766; x_wconf 89' lang='lat' dir='ltr'><strong>mente,</strong></span> <span class='ocrx_word' id='word_1_142' title='bbox 570 1728 672 1768; x_wconf 87' lang='lat' dir='ltr'><strong>quae</strong></span> <span class='ocrx_word' id='word_1_143' title='bbox 712 1716 829 1755; x_wconf 88' lang='lat' dir='ltr'><strong>etiam</strong></span> <span class='ocrx_word' id='word_1_144' title='bbox 868 1719 1061 1755; x_wconf 86' lang='lat' dir='ltr'><strong>vocantur</strong></span> <span class='ocrx_word' id='word_1_145' title='bbox 1099 1715 1279 1755; x_wconf 84' lang='lat' dir='ltr'><strong>affectus.</strong></span> <span class='ocrx_word' id='word_1_146' title='bbox 1348 1714 1491 1755; x_wconf 82' lang='lat' dir='ltr'><strong>Omnis</strong></span> <span class='ocrx_word' id='word_1_147' title='bbox 1528 1719 1657 1756; x_wconf 90' lang='lat' dir='ltr'><strong>autem</strong></span> 
     </span>
     <span class='ocr_line' id='line_1_21' title="bbox 298 1788 1657 1844; baseline -0.001 -11"><span class='ocrx_word' id='word_1_148' title='bbox 298 1792 468 1833; x_wconf 89' lang='lat' dir='ltr'><strong>hominis</strong></span> <span class='ocrx_word' id='word_1_149' title='bbox 506 1793 634 1832; x_wconf 88' lang='lat' dir='ltr'><strong>virtus</strong></span> <span class='ocrx_word' id='word_1_150' title='bbox 672 1793 711 1831; x_wconf 91' lang='lat' dir='ltr'><strong>in</strong></span> <span class='ocrx_word' id='word_1_151' title='bbox 751 1804 799 1832; x_wconf 87' lang='lat' dir='ltr'><strong>eo</strong></span> <span class='ocrx_word' id='word_1_152' title='bbox 839 1792 1025 1833; x_wconf 84' lang='lat' dir='ltr'><strong>consistit</strong></span> <span class='ocrx_word' id='word_1_153' title='bbox 1058 1817 1110 1824; x_wconf 96' lang='lat'><strong>—</strong></span> <span class='ocrx_word' id='word_1_154' title='bbox 1144 1792 1198 1831; x_wconf 83' lang='lat' dir='ltr'><strong>ita</strong></span> <span class='ocrx_word' id='word_1_155' title='bbox 1234 1792 1365 1844; x_wconf 75' lang='lat' dir='ltr'><strong>pergit</strong></span> <span class='ocrx_word' id='word_1_156' title='bbox 1394 1788 1569 1844; x_wconf 77' lang='lat' dir='ltr'><strong>spinoza</strong></span> <span class='ocrx_word' id='word_1_157' title='bbox 1600 1812 1657 1820; x_wconf 93' lang='lat'><strong>—-</strong></span> 
     </span>
     <span class='ocr_line' id='line_1_22' title="bbox 297 1865 1657 1921; baseline -0.001 -11"><span class='ocrx_word' id='word_1_158' title='bbox 297 1873 341 1910; x_wconf 92' lang='lat' dir='ltr'><strong>ut</strong></span> <span class='ocrx_word' id='word_1_159' title='bbox 379 1882 496 1910; x_wconf 87' lang='lat' dir='ltr'><strong>suum</strong></span> <span class='ocrx_word' id='word_1_160' title='bbox 533 1867 644 1909; x_wconf 84' lang='lat' dir='ltr'><strong>Esse</strong></span> <span class='ocrx_word' id='word_1_161' title='bbox 678 1872 910 1917; x_wconf 81' lang='lat' dir='ltr'><strong>conservet3</strong></span> <span class='ocrx_word' id='word_1_162' title='bbox 950 1889 1007 1898; x_wconf 91' lang='lat'><strong>--</strong></span> <span class='ocrx_word' id='word_1_163' title='bbox 1039 1880 1207 1921; x_wconf 88' lang='lat' dir='ltr'><strong>namque</strong></span> <span class='ocrx_word' id='word_1_164' title='bbox 1237 1869 1293 1907; x_wconf 86' lang='lat' dir='ltr'><strong>uti</strong></span> <span class='ocrx_word' id='word_1_165' title='bbox 1324 1865 1514 1918; x_wconf 85' lang='lat' dir='ltr'><strong>vidimus,</strong></span> <span class='ocrx_word' id='word_1_166' title='bbox 1553 1865 1657 1909; x_wconf 85' lang='lat' dir='ltr'><strong>idem</strong></span> 
     </span>
     <span class='ocr_line' id='line_1_23' title="bbox 298 1943 1659 1998; baseline -0.001 -12"><span class='ocrx_word' id='word_1_167' title='bbox 298 1950 362 1987; x_wconf 89' lang='lat' dir='ltr'><strong>est</strong></span> <span class='ocrx_word' id='word_1_168' title='bbox 398 1945 505 1986; x_wconf 82' lang='lat' dir='ltr'><strong>Esse</strong></span> <span class='ocrx_word' id='word_1_169' title='bbox 544 1949 585 1986; x_wconf 89' lang='lat' dir='ltr'><strong>et</strong></span> <span class='ocrx_word' id='word_1_170' title='bbox 623 1947 801 1998; x_wconf 89' lang='lat' dir='ltr'><strong>potentia</strong></span> <span class='ocrx_word' id='word_1_171' title='bbox 842 1950 884 1987; x_wconf 91' lang='lat' dir='ltr'><strong>et</strong></span> <span class='ocrx_word' id='word_1_172' title='bbox 920 1943 1125 1998; x_wconf 82' lang='lat' dir='ltr'><strong>perfectio.</strong></span> <span class='ocrx_word' id='word_1_173' title='bbox 1188 1943 1357 1986; x_wconf 87' lang='lat' dir='ltr'><strong>Omnem</strong></span> <span class='ocrx_word' id='word_1_174' title='bbox 1396 1943 1512 1986; x_wconf 87' lang='lat' dir='ltr'><strong>finem</strong></span> <span class='ocrx_word' id='word_1_175' title='bbox 1551 1944 1659 1986; x_wconf 87' lang='lat' dir='ltr'><strong>delet</strong></span> 
     </span>
     <span class='ocr_line' id='line_1_24' title="bbox 297 2020 1656 2075; baseline 0 -13"><span class='ocrx_word' id='word_1_176' title='bbox 297 2021 473 2075; x_wconf 86' lang='lat' dir='ltr'><strong>Spinoza</strong></span> <span class='ocrx_word' id='word_1_177' title='bbox 503 2023 620 2062; x_wconf 92' lang='lat' dir='ltr'><strong>etiam</strong></span> <span class='ocrx_word' id='word_1_178' title='bbox 651 2022 690 2061; x_wconf 91' lang='lat' dir='ltr'><strong>in</strong></span> <span class='ocrx_word' id='word_1_179' title='bbox 721 2021 868 2070; x_wconf 73' lang='lat' dir='ltr'><strong>ethica3</strong></span> <span class='ocrx_word' id='word_1_180' title='bbox 900 2020 1114 2074; x_wconf 84' lang='lat' dir='ltr'><strong>potentiam</strong></span> <span class='ocrx_word' id='word_1_181' title='bbox 1136 2034 1299 2062; x_wconf 87' lang='lat' dir='ltr'><strong>servare</strong></span> <span class='ocrx_word' id='word_1_182' title='bbox 1319 2020 1534 2063; x_wconf 81' lang='lat' dir='ltr'><strong>naturalem</strong></span> <span class='ocrx_word' id='word_1_183' title='bbox 1557 2020 1656 2063; x_wconf 79' lang='lat' dir='ltr'><strong>h.&#39;e.</strong></span> 
     </span>
     <span class='ocr_line' id='line_1_25' title="bbox 296 2096 1655 2152; baseline -0.001 -12"><span class='ocrx_word' id='word_1_184' title='bbox 296 2112 404 2150; x_wconf 89' lang='lat' dir='ltr'><strong>eam,</strong></span> <span class='ocrx_word' id='word_1_185' title='bbox 435 2112 550 2152; x_wconf 87' lang='lat' dir='ltr'><strong>quam</strong></span> <span class='ocrx_word' id='word_1_186' title='bbox 572 2100 611 2139; x_wconf 93' lang='lat' dir='ltr'><strong>in</strong></span> <span class='ocrx_word' id='word_1_187' title='bbox 633 2097 750 2139; x_wconf 85' lang='lat' dir='ltr'><strong>nobis</strong></span> <span class='ocrx_word' id='word_1_188' title='bbox 771 2096 1048 2151; x_wconf 88' lang='lat' dir='ltr'><strong>possidemus,</strong></span> <span class='ocrx_word' id='word_1_189' title='bbox 1080 2097 1326 2139; x_wconf 78' lang='lat' dir='ltr'><strong>substantiae</strong></span> <span class='ocrx_word' id='word_1_190' title='bbox 1346 2102 1520 2152; x_wconf 87' lang='lat' dir='ltr'><strong>partem,</strong></span> <span class='ocrx_word' id='word_1_191' title='bbox 1546 2111 1655 2142; x_wconf 87' lang='lat' dir='ltr'><strong>sum-</strong></span> 
     </span>
     <span class='ocr_line' id='line_1_26' title="bbox 295 2172 1409 2228; baseline 0.001 -13"><span class='ocrx_word' id='word_1_192' title='bbox 295 2189 399 2215; x_wconf 89' lang='lat' dir='ltr'><strong>mum</strong></span> <span class='ocrx_word' id='word_1_193' title='bbox 432 2180 473 2216; x_wconf 91' lang='lat' dir='ltr'><strong>et</strong></span> <span class='ocrx_word' id='word_1_194' title='bbox 503 2176 659 2215; x_wconf 90' lang='lat' dir='ltr'><strong>unicum</strong></span> <span class='ocrx_word' id='word_1_195' title='bbox 691 2172 864 2216; x_wconf 88' lang='lat' dir='ltr'><strong>studium</strong></span> <span class='ocrx_word' id='word_1_196' title='bbox 897 2173 1017 2214; x_wconf 85' lang='lat' dir='ltr'><strong>debet</strong></span> <span class='ocrx_word' id='word_1_197' title='bbox 1047 2186 1142 2215; x_wconf 87' lang='lat' dir='ltr'><strong>esse</strong></span> <span class='ocrx_word' id='word_1_198' title='bbox 1173 2173 1409 2228; x_wconf 87' lang='lat' dir='ltr'><strong>hominibus.</strong></span> 
     </span>
    </p>

    <p class='ocr_par' dir='ltr' id='par_1_4' title="bbox 290 2250 1654 2690">
     <span class='ocr_line' id='line_1_27' title="bbox 385 2250 1654 2304; baseline 0 -11"><span class='ocrx_word' id='word_1_199' title='bbox 385 2252 538 2294; x_wconf 87' lang='lat' dir='ltr'><strong>Omnes</strong></span> <span class='ocrx_word' id='word_1_200' title='bbox 569 2252 736 2293; x_wconf 86' lang='lat' dir='ltr'><strong>affectus</strong></span> <span class='ocrx_word' id='word_1_201' title='bbox 766 2250 818 2292; x_wconf 92' lang='lat' dir='ltr'><strong>ad</strong></span> <span class='ocrx_word' id='word_1_202' title='bbox 849 2250 1124 2304; x_wconf 87' lang='lat' dir='ltr'><strong>cupiditatem,</strong></span> <span class='ocrx_word' id='word_1_203' title='bbox 1155 2252 1343 2293; x_wconf 86' lang='lat' dir='ltr'><strong>laetitiam</strong></span> <span class='ocrx_word' id='word_1_204' title='bbox 1366 2251 1430 2291; x_wconf 89' lang='lat' dir='ltr'><strong>vel</strong></span> <span class='ocrx_word' id='word_1_205' title='bbox 1455 2251 1654 2293; x_wconf 84' lang='lat' dir='ltr'><strong>tristitiam</strong></span> 
     </span>
     <span class='ocr_line' id='line_1_28' title="bbox 292 2326 1651 2381; baseline 0 -13"><span class='ocrx_word' id='word_1_206' title='bbox 292 2327 526 2369; x_wconf 86' lang='lat' dir='ltr'><strong>referuntur.</strong></span> <span class='ocrx_word' id='word_1_207' title='bbox 591 2326 799 2381; x_wconf 87' lang='lat' dir='ltr'><strong>Cupiditas</strong></span> <span class='ocrx_word' id='word_1_208' title='bbox 831 2331 895 2368; x_wconf 87' lang='lat' dir='ltr'><strong>est</strong></span> <span class='ocrx_word' id='word_1_209' title='bbox 923 2328 1052 2381; x_wconf 86' lang='lat' dir='ltr'><strong>ipsius</strong></span> <span class='ocrx_word' id='word_1_210' title='bbox 1084 2327 1254 2368; x_wconf 87' lang='lat' dir='ltr'><strong>hominis</strong></span> <span class='ocrx_word' id='word_1_211' title='bbox 1285 2328 1481 2377; x_wconf 83' lang='lat' dir='ltr'><strong>essentia,</strong></span> <span class='ocrx_word' id='word_1_212' title='bbox 1512 2331 1651 2379; x_wconf 83' lang='lat' dir='ltr'><strong>quate-</strong></span> 
     </span>
     <span class='ocr_line' id='line_1_29' title="bbox 291 2403 1651 2457; baseline -0.001 -12"><span class='ocrx_word' id='word_1_213' title='bbox 291 2418 368 2445; x_wconf 90' lang='lat' dir='ltr'><strong>nus</strong></span> <span class='ocrx_word' id='word_1_214' title='bbox 400 2419 449 2445; x_wconf 84' lang='lat' dir='ltr'><strong>ex</strong></span> <span class='ocrx_word' id='word_1_215' title='bbox 481 2403 573 2445; x_wconf 85' lang='lat' dir='ltr'><strong>data</strong></span> <span class='ocrx_word' id='word_1_216' title='bbox 604 2417 837 2457; x_wconf 85' lang='lat' dir='ltr'><strong>quacunque</strong></span> <span class='ocrx_word' id='word_1_217' title='bbox 869 2404 956 2456; x_wconf 88' lang='lat' dir='ltr'><strong>ejus</strong></span> <span class='ocrx_word' id='word_1_218' title='bbox 988 2404 1195 2445; x_wconf 86' lang='lat' dir='ltr'><strong>affectione</strong></span> <span class='ocrx_word' id='word_1_219' title='bbox 1226 2404 1485 2447; x_wconf 84' lang='lat' dir='ltr'><strong>determinata</strong></span> <span class='ocrx_word' id='word_1_220' title='bbox 1515 2405 1651 2444; x_wconf 88' lang='lat' dir='ltr'><strong>conci-</strong></span> 
     </span>
     <span class='ocr_line' id='line_1_30' title="bbox 290 2478 1645 2535; baseline -0.001 -15"><span class='ocrx_word' id='word_1_221' title='bbox 290 2483 397 2535; x_wconf 88' lang='lat' dir='ltr'><strong>pitur</strong></span> <span class='ocrx_word' id='word_1_222' title='bbox 435 2479 486 2521; x_wconf 88' lang='lat' dir='ltr'><strong>ad</strong></span> <span class='ocrx_word' id='word_1_223' title='bbox 525 2479 673 2534; x_wconf 88' lang='lat' dir='ltr'><strong>aliquid</strong></span> <span class='ocrx_word' id='word_1_224' title='bbox 702 2478 910 2532; x_wconf 84' lang='lat' dir='ltr'><strong>agendum.</strong></span> <span class='ocrx_word' id='word_1_225' title='bbox 941 2478 1110 2521; x_wconf 87' lang='lat' dir='ltr'><strong>Laetitia</strong></span> <span class='ocrx_word' id='word_1_226' title='bbox 1141 2484 1205 2521; x_wconf 91' lang='lat' dir='ltr'><strong>est</strong></span> <span class='ocrx_word' id='word_1_227' title='bbox 1233 2481 1393 2533; x_wconf 89' lang='lat' dir='ltr'><strong>passio,</strong></span> <span class='ocrx_word' id='word_1_228' title='bbox 1424 2493 1501 2533; x_wconf 88' lang='lat' dir='ltr'><strong>qua</strong></span> <span class='ocrx_word' id='word_1_229' title='bbox 1532 2492 1645 2521; x_wconf 89' lang='lat' dir='ltr'><strong>mens</strong></span> 
     </span>
     <span class='ocr_line' id='line_1_31' title="bbox 291 2556 1651 2611; baseline -0.002 -12"><span class='ocrx_word' id='word_1_230' title='bbox 291 2558 343 2599; x_wconf 88' lang='lat' dir='ltr'><strong>ad</strong></span> <span class='ocrx_word' id='word_1_231' title='bbox 389 2559 577 2611; x_wconf 86' lang='lat' dir='ltr'><strong>majorem</strong></span> <span class='ocrx_word' id='word_1_232' title='bbox 621 2557 920 2611; x_wconf 80' lang='lat' dir='ltr'><strong>perfectionem,</strong></span> <span class='ocrx_word' id='word_1_233' title='bbox 966 2559 1126 2599; x_wconf 87' lang='lat' dir='ltr'><strong>tristitia</strong></span> <span class='ocrx_word' id='word_1_234' title='bbox 1162 2559 1320 2611; x_wconf 90' lang='lat' dir='ltr'><strong>passio,</strong></span> <span class='ocrx_word' id='word_1_235' title='bbox 1365 2570 1442 2611; x_wconf 82' lang='lat' dir='ltr'><strong>qua</strong></span> <span class='ocrx_word' id='word_1_236' title='bbox 1487 2556 1539 2599; x_wconf 88' lang='lat' dir='ltr'><strong>ad</strong></span> <span class='ocrx_word' id='word_1_237' title='bbox 1577 2558 1651 2597; x_wconf 83' lang='lat' dir='ltr'><strong>mi-</strong></span> 
     </span>
     <span class='ocr_line' id='line_1_32' title="bbox 290 2632 1652 2690; baseline 0.001 -13"><span class='ocrx_word' id='word_1_238' title='bbox 290 2649 428 2682; x_wconf 89' lang='lat' dir='ltr'><strong>norem</strong></span> <span class='ocrx_word' id='word_1_239' title='bbox 479 2634 765 2690; x_wconf 82' lang='lat' dir='ltr'><strong>perfectionem</strong></span> <span class='ocrx_word' id='word_1_240' title='bbox 814 2635 968 2677; x_wconf 86' lang='lat' dir='ltr'><strong>transit.</strong></span> <span class='ocrx_word' id='word_1_241' title='bbox 1049 2633 1152 2676; x_wconf 87' lang='lat' dir='ltr'><strong>Hinc</strong></span> <span class='ocrx_word' id='word_1_242' title='bbox 1203 2633 1385 2677; x_wconf 88' lang='lat' dir='ltr'><strong>videmus</strong></span> <span class='ocrx_word' id='word_1_243' title='bbox 1436 2632 1652 2689; x_wconf 76' lang='lat' dir='ltr'><strong>spinozam</strong></span> 
     </span>
    </p>
   </div>
  </div>
 </body>
</html>
