1918 3126
1031 66 1064 100 ff

795 254 1094 300 ...27-

357 374 540 422 Platonis
568 375 741 421 mundus
771 376 873 420 duas
902 379 1036 432 partes
1067 375 1208 428 babet,
1237 376 1406 423 altem
1432 373 1625 429 idearum,

269 468 372 511 quae
401 468 560 511 semper
590 460 654 498 est
683 469 812 510 neque
840 454 964 498 uuum
985 460 1111 496 ortum
1142 453 1282 506 babet,
1313 467 1415 509 quae
1445 453 1536 498 sola
1562 456 1624 497 in-

269 533 487 588 telligentia
518 535 560 574 et'
588 534 739 575 ratione
770 531 1129 587 comprehenditur,
1158 532 1320 574 alteram
1344 546 1489 585 rerum,
1518 546 1622 588 quae

268 615 402 654 creata
455 615 518 652 est
562 615 605 651 et
645 614 827 652 movetur
873 615 914 651 et
959 609 1173 664 opinationi
1218 615 1367 652 tantum
1421 610 1620 666 objicitur.

266 686 417 731 Harum
444 678 631 742 'partium
674 687 799 728 altera
845 687 1009 733 alterius
1064 690 1128 728 est
1177 688 1472 740 simulacrum.
1503 690 1621 744 cujus

268 763 449 816 creandi,
480 763 588 819 quod
616 760 665 808 τὰ
695 760 857 821 μικτὸν,
887 759 936 808 τὰ
967 766 1287 823 πεπεραςμόνον
1314 772 1501 819 vocatur,
1535 782 1622 812 ma-

266 845 366 886 teria
385 841 515 884 dedit
551 843 816 886 occasionem.
876 840 1003 882 Mixta
1040 844 1140 884 enim
1185 868 1233 877 -
1274 846 1329 885 ita
1367 846 1423 886 ait
1450 844 1500 888 P.
1532 845 1621 888 Tim

241 936 305 978 p.
341 922 401 965 ⁴8
432 926 507 964 etc.
546 946 594 956 --
629 921 798 975 hujusce
828 919 962 963 munidi
992 923 1193 974 generatio
1234 936 1258 963 e
1295 924 1549 967 necessitatis
1580 929 1622 968 et

266 1001 432 1043 rationis
476 1001 582 1041 coitu
621 1004 808 1052 generata
853 1003 934 1050 est;
979 1000 1132 1041 ratione
1168 1003 1299 1043 antem
1339 1003 1621 1048 necessitatem

271 1082 486 1133 superante
506 1090 555 1120 ac
574 1074 854 1131 persuadente,
884 1080 930 1119 ut
949 1076 1154 1131 plurimam
1183 1090 1328 1128 rerum,
1359 1090 1461 1132 quae
1483 1080 1621 1133 gigne-

267 1152 402 1199 rentur
409 1186 442 1207 ,.
463 1160 614 1211 partem
651 1153 703 1197 ad
741 1155 928 1209 optimum
965 1152 1224 1208 perduceret,
1268 1155 1322 1196 ita
1369 1169 1419 1198 ex
1453 1168 1620 1210 persua-

266 1235 381 1276 sione
425 1232 605 1275 rationali
651 1231 729 1273 hoe
773 1234 1001 1274 universum
1043 1229 1104 1273 de-
1130 1233 1239 1275 initio
1286 1231 1497 1277 conflatum
1541 1240 1619 1278 est.

265 1309 407 1353 Mundi
439 1324 533 1365 ergo
565 1323 773 1352 cansarum
803 1309 928 1352 altera
958 1313 1023 1351 est
1049 1307 1181 1353 divina
1200 1322 1249 1352 ae
1268 1312 1472 1355 rationalis
1492 1326 1619 1368 penes

270 1388 387 1431 deum
418 1393 537 1443 atque
566 1387 680 1430 ideas
710 1388 854 1442 posita,
885 1387 1009 1429 altera
1030 1388 1260 1431 necessaria
1288 1392 1328 1430 et
1348 1367 1622 1435 cummateria

214 1516 216 1518 ,
268 1467 491 1522 conjuncta.
520 1458 613 1508 'Ina
649 1465 775 1507 libera
813 1470 877 1507 est
914 1469 956 1507 et
993 1464 1226 1516 consiliosa3
1267 1465 1369 1508 baec
1397 1480 1494 1510 vero
1524 1481 1621 1512 sese

265 1546 370 1587 vinci
401 1558 450 1587 ac
479 1545 659 1599 superari
697 1545 856 1599 patitur.
908 1541 1036 1588 Simili
1073 1542 1192 1586 modo
1223 1542 1399 1599 Spinoza
1434 1545 1621 1590 mundum

266 1625 307 1665 in
343 1621 444 1665 duas
481 1627 617 1676 partes
660 1620 869 1673 dirimens,
907 1634 981 1676 per
1016 1620 1209 1664 Naturam
1249 1627 1516 1676 natur-antem,
1545 1627 1622 1676 ait,

266 1699 383 1742 nobis
413 1698 709 1754 intelligendum
742 1703 805 1742 est
835 1698 896 1750 id,
927 1698 1035 1754 quod
1053 1701 1094 1740 in
1115 1712 1163 1741 se
1184 1704 1248 1742 est
1278 1705 1318 1742 et
1347 1713 1421 1755 per
1450 1715 1498 1743 se
1527 1715 1620 1757 per-

267 1780 410 1833 cipitur
438 1779 525 1819 sive
558 1767 681 1827 deus,
719 1781 913 1830 quatenus
943 1781 988 1818 ut
1019 1789 1142 1818 causa
1171 1776 1296 1819 libera
1325 1777 1619 1831 consideratur,

265 1868 340 1910 per
370 1858 587 1896 natm-atam
617 1857 748 1895 autem
778 1853 952 1906 intelligo
983 1852 1025 1895 id
1055 1866 1191 1905 omne,
1222 1823 1340 1908 quod
1360 1868 1410 1898 ex
1438 1858 1618 1898 necessi-

265 1937 348 1975 tate
378 1931 442 1973 dei
471 1935 654 1983 naturae,
684 1932 771 1972 sive
800 1931 1112 1985 uniuscnjusque
1150 1930 1214 1973 dei
1249 1931 1522 1975 attributorum
1551 1947 1618 1976 se-

268 2012 417 2065 quitur,
447 2009 526 2051 hoc
557 2012 640 2060 est,
670 2021 808 2050 omnes
839 2008 904 2050 dei
934 2008 1207 2062 attributorum
1230 2009 1393 2061 modos,
1423 2016 1618 2065 quatenns

268 2084 567 2129 considerantur
591 2090 640 2128 rut
670 2099 758 2137 res,
789 2099 890 2140 quae
920 2088 960 2128 in
991 2085 1067 2128 deo
1098 2090 1192 2128 sunt
1219 2091 1260 2129 et
1290 2100 1391 2141 quae
1421 2089 1510 2131 sine
1541 2088 1617 2131 deo

266 2179 343 2207 nec
373 2177 466 2206 esse
495 2177 572 2205 nec
602 2165 757 2216 concipi
777 2167 958 2216 possunt.
1003 2161 1123 2204 Unde
1144 2165 1341 2217 sequitur,
1361 2163 1463 2207 duas
1484 2166 1619 2208 mundi

267 2247 403 2298 partes
433 2239 540 2296 apud
570 2239 782 2295 Spinozam
820 2252 900 2280 non
940 2252 1107 2293 prorsus
1147 2244 1188 2281 et
1225 2239 1333 2295 quod
1371 2239 1509 2284 dicunt
1547 2257 1620 2297 per

268 2319 515 2374 diagonalem
546 2317 622 2359 sibi
657 2318 865 2374 oppositas
904 2329 998 2375 esse
1028 2335 1086 2344 --
1117 2321 1162 2357 ut
1190 2318 1277 2359 vult
1304 2316 1422 2360 Plato
1455 2341 1512 2348 —
1545 2320 1620 2362 sed

267 2398 320 2442 ad
349 2397 467 2442 deum
496 2396 634 2440 referri
666 2397 780 2438 etiam
811 2394 992 2445 alteram3
1023 2407 1092 2436 res
1123 2396 1226 2437 enim
1255 2396 1522 2465 parthulapes
1548 2411 1620 2441 ne-

267 2480 347 2529 gat.
363 2478 403 2516 in
433 2488 481 2516 se
510 2470 659 2515 babere
679 2471 872 2515 existendi
891 2474 1191 2514 necessitatem:
1221 2485 1354 2527 neque
1362 2453 1490 2551 A*
1511 2489 1619 2517 com-

267 2556 398 2595 motus
419 2556 483 2594 est
502 2550 554 2594 ad
584 2550 795 2594 creandum
821 2550 1009 2593 bonitatis
1037 2562 1137 2592 suae
1163 2554 1362 2605 tamquam
1388 2542 1553 2595 externa
1578 2556 1620 2595 vi

268 2653 325 2662 —
356 2634 401 2672 ut
435 2628 552 2672 Plato
582 2634 715 2684 putat,
746 2628 921 2684 Spinoza
957 2633 1089 2671 autem
1124 2627 1382 2671 acerbissime
1412 2631 1619 2685 repriben-

269 2708 326 2751 dit
356 2731 411 2740 --
443 2720 573 2763 neque
603 2706 822 2750 secundum
851 2707 968 2759 finem
998 2707 1169 2763 aliquem
1198 2709 1291 2761 agit,
1321 2706 1398 2751 sed
1426 2707 1528 2751 liber
1558 2715 1623 2752 est
