1873 3063
291 333 528 388 antiquitates
547 345 636 387 pop.
657 329 791 391 Rom.;
812 331 912 387 apud
933 329 965 372 F
973 333 1181 373 ranzium
1201 328 1282 373 Vir.
1292 330 1461 374 Doctiss.
1472 331 1651 390 Aeschyli

290 409 536 466 Choephoras
583 417 621 452 et
663 407 892 452 Eumenides
936 417 974 452 et
1011 408 1191 466 Syntaxin
1231 408 1388 464 Graec.;
1433 409 1534 466 apud
1579 412 1647 453 W.

288 487 563 529 Grimmium
601 485 682 528 Vir.
725 487 922 530 Illustriss.
955 503 1104 529 carmen
1140 487 1172 529 F
1179 466 1315 529 ridor}
1322 487 1386 529 kii
1423 491 1648 530 nominatum

288 564 615 609 Bescheidenheit.
655 564 803 608 Deinde
830 580 898 621 per
927 565 991 609 VI.
1016 580 1166 609 menses
1194 564 1310 607 Halas
1340 565 1529 608 Saxonum
1558 581 1649 607 con-

290 645 393 685 cessi
414 641 698 684 Bernhardii
728 643 904 686 audiendi
932 658 1061 697 causa,
1093 647 1203 701 cujus
1225 652 1262 685 et
1282 645 1519 686 seminarium
1541 658 1650 699 prae-

288 723 556 763 stantissimum
585 721 830 776 frequentavi,
863 731 901 764 et
930 723 1056 764 audivi
1084 722 1267 763 lectiones
1298 721 1344 764 de
1375 720 1652 778 antiquitatibus

290 814 378 854 pop.
411 796 521 840 Rom.
555 807 593 839 et
623 798 670 841 de
701 798 902 856 Aeschylo.
955 800 1067 856 Apud
1100 798 1348 850 Thilonem
1380 799 1504 841 audivi
1535 798 1651 841 histo-

292 879 386 918 riam
425 876 611 919 ecclesiae
650 880 921 930 recentiorem,
968 878 1249 933 psychologiam
1288 878 1388 933 apud
1425 875 1650 919 Erdmau-

289 969 414 1006 num,
446 954 546 1009 apud
579 953 847 997 Duncerum
878 955 1079 1010 politicam.
1130 954 1346 997 Berolinum
1376 969 1552 997 reversus
1582 969 1651 995 au-

292 1032 368 1073 divi
398 1031 442 1072 L.
473 1030 708 1074 Rankium
740 1031 819 1074 Vir.
851 1031 1095 1091 Ingeniosiss.
1137 1033 1184 1074 de
1214 1032 1370 1074 historia
1407 1033 1548 1084 media,
1588 1047 1649 1073 re-

292 1111 460 1162 centiori,
491 1112 771 1160 recentissima3
802 1109 1093 1161 Boeckhium
1124 1108 1205 1152 Vir.
1236 1108 1444 1162 Excelsiss.
1476 1110 1523 1153 de
1554 1111 1650 1162 auti.-

292 1186 494 1242 quitatibus
521 1186 659 1232 Graec.
692 1197 730 1230 et
760 1188 807 1230 de
837 1188 992 1232 historia
1011 1188 1082 1239 litt.
1109 1187 1243 1239 Graec.
1270 1191 1422 1239 iterum3
1452 1187 1651 1240 Dovium

236 1317 238 1319 Ι
293 1263 374 1308 Vir.
397 1264 666 1309 Praestantiss.
691 1266 740 1311 de
771 1266 927 1323 physica
959 1276 997 1309 et
1027 1266 1074 1309 de
1105 1265 1392 1322 meteorologia3
1423 1265 1652 1321 Boppium

291 1341 376 1385 Vir.
408 1343 626 1399 Sagaciss„
665 1359 775 1401 quem
815 1347 869 1386 uti
901 1344 947 1386 G.
979 1343 1358 1397 Humboldtinm,
1396 1346 1553 1395 maxime
1590 1357 1653 1385 se-

293 1437 401 1477 quor,
425 1422 470 1463 de
490 1421 714 1464 sanskritiea
735 1425 991 1476 grammatica,
1012 1420 1354 1473 Lachmannum
1376 1419 1653 1463 Vir.Oruatiss.

292 1499 339 1541 de
389 1501 553 1541 carmine
590 1498 985 1555 Niblungiorum,
1031 1498 1257 1556 Heysium
1289 1498 1367 1541 Vir.
1406 1498 1573 1548 Doctiss.
1607 1497 1653 1549 de

293 1576 465 1629 Catullo,
515 1575 1017 1632 Treudelenburgium
1064 1577 1143 1618 Vir.
1191 1576 1457 1618 Praestantiss.
1506 1576 1553 1616 de
1595 1575 1652 1615 hi-

293 1656 410 1695 storia
442 1653 701 1710 philosophiae
730 1654 975 1711 ejusdemque
1012 1656 1249 1696 seminarium
1281 1652 1557 1695 Aristotelicum
1589 1667 1656 1708 per

292 1746 431 1772 annum
454 1731 685 1787 frequentavi
707 1740 744 1773 et
764 1746 864 1773 nunc
892 1734 1002 1773 etiam
1033 1731 1247 1787 frequent03
1279 1730 1540 1787 Zumptium
1571 1729 1653 1771 Vir.

293 1807 384 1864 Opt.
416 1808 462 1850 de
492 1808 648 1851 historia
677 1809 885 1852 litterarum
915 1808 1075 1851 Roman.

384 1886 534 1939 Quibus
576 1891 669 1931 viris
711 1888 758 1931 de
798 1904 857 1931 me
895 1891 1033 1944 optime
1072 1890 1215 1939 meritis
1253 1890 1393 1943 gratias
1437 1901 1508 1943 ago
1547 1900 1657 1942 quam

292 1980 484 2009 maximas.

365 2181 425 2224 Ἢ·
817 2204 1150 2226 -—--—-———
