1875 3113
180 351 300 392 noza,
337 337 457 395 apud*
473 338 589 396 quem
605 340 739 406 ,οἱ
754 348 819 384 est
847 345 975 384 anima
994 343 1143 396 Quo
1151 351 1285 392 mens,
1314 352 1429 383 mens
1459 350 1532 383 au-

162 420 259 457 'tem
291 410 479 460 definitur
499 429 594 467 esse
621 418 778 470 modus,
814 421 879 473 qui
910 418 1165 461 deumvcerto
1198 423 1239 460 et
1269 417 1529 460 determinato

181 492 298 534 modo
346 484 566 550 exprd,
590 477 784 549 «batenus
829 500 981 548 ubres
1021 497 1199 550 cogitans
1243 495 1529 547 consideratur,

181 571 267 611 sive
299 584 391 625 pars
420 570 567 639 Q
586 548 811 612 ihu-fectus
842 570 939 622 dei,
932 571 1064 620 ιιὶῐιὺ
1075 571 1126 612 de
1156 575 1356 614 creatione
1385 574 1530 614 mentis

181 644 579 710 habet,cu1,uon
610 644 738 689 dicam
767 641 1250 748 Mutandurassttm,
1295 648 1370 690 sed
1401 651 1530 703 ipsam

181 724 450 765 aeternitatem
464 701 639 782 mv:
683 721 879 789 “in
915 722 1077 769 Timaeo
1116 723 1232 765 deum
1269 727 1419 767 animas
1456 738 1530 766 no-

182 804 287 842 stras
316 799 369 842 ad
399 800 598 854 exemfflr
613 800 885 859 aelwae
922 801 1150 849 uuivemm
1188 799 1373 842 mundum
1414 815 1435 842 r
1487 803 1529 853 it,

181 878 333 918 animae
372 890 535 919 creasse
571 867 728 927 nstra&
762 879 826 917 cui
865 877 1075 926 acatio*
1093 891 1145 917 ne
1180 880 1342 919 materia
1372 809 1529 931 quffem

141 954 144 957 ’
182 954 272 1006 ipsa
302 952 428 995 deest.
488 930 677 1005 Dein',
1007 966 1130 995 acum
1169 953 1402 1008 corpabus
1433 967 1530 996 con-

178 1029 330 1081 junctio
363 1023 671 1081 demonstretur,
656 929 1017 1073 nsaw
859 1027 1063 1099 *inem
1101 1030 1167 1070 vel
1197 1031 1410 1106 triplicet*
1420 1031 1536 1090 affert

182 1107 384 1148 rationem.
429 1105 584 1147 Etenim
614 1107 656 1145 in
675 1104 888 1147 Phaedro?
893 1110 935 1146 et
963 1103 1242 1167 iwadone
1272 1119 1418 1160 corpus
1448 1108 1533 1165 aij,-

181 1195 269 1224 mae
305 1187 501 1250 tamquam
532 1181 751 1224 custodiam
783 1144 876 1223 essffe
905 1187 1089 1237 afflaret,
1127 1184 1166 1223 in
1200 1166 1320 1251 ’ἢ
1350 1183 1533 1236 conjecta

181 1261 259 1300 ista
297 1256 342 1300 et'
375 1262 606 1312 consignata
642 1258 857 1301 facinorum
895 1261 1194 1310 commissorum
1231 1259 1314 1300 luat
1342 1272 1531 1313 poenam;

182 1337 222 1375 in
258 1335 479 1390 Republica
516 1349 628 1377 suam
667 1349 846 1389 quaeque
885 1334 1108 1394 secundnm
1131 1335 1372 1377 voluntatem
1403 1338 1532 1378 anima

184 1425 330 1467 corpus
359 1412 505 1464 induit,
543 1414 773 1465 migratione
810 1411 860 1452 ab
899 1411 975 1452 alio
1014 1414 1053 1451 in
1092 1411 1199 1452 aliud
1236 1426 1382 1466 corpus
1417 1416 1531 1455 insti-

182 1493 285 1539 tuta;
323 1491 364 1530 in
394 1488 555 1547 Timaeo
595 1494 744 1539 autem,
783 1489 961 1541 quamvis
997 1490 1112 1529 etiam
1142 1490 1219 1529 ista
1248 1491 1429 1541 migratio
1460 1489 1532 1531 ad·

183 1545 368 1615 mittatur,
403 1565 666 1618 philosophus
698 1563 814 1604 deum
844 1566 974 1617 ipsum
1005 1567 1208 1605 creavisse
1238 1564 1431 1606 humanae
1461 1580 1533 1606 na-

183 1646 295 1682 turae
326 1639 495 1682 divinam
532 1645 703 1694 partem,
740 1645 931 1692 mentem,
970 1654 1047 1695 qua
1085 1642 1325 1693 cogitamus,
1364 1642 1532 1694 scilicet,

185 1717 400 1759 daemones
430 1730 540 1769 vero,
571 1719 636 1773 qui
667 1713 730 1758 dei
761 1719 902 1758 summi
932 1716 1000 1758 filii
1030 1722 1136 1769 sunt,
1166 1731 1244 1758 non
1271 1718 1401 1759 solum
1427 1732 1532 1759 mor-

183 1795 264 1835 tale
303 1807 449 1848 corpus
485 1796 695 1846 unicuique
734 1795 885 1834 animae
924 1792 1255 1845 circumdedisse,
1300 1794 1376 1835 sed
1414 1797 1533 1836 etiam

184 1871 319 1922 aiiam‚
357 1882 457 1923 quae
493 1869 722 1910 affectiones
760 1882 808 1909 ac
848 1868 1085 1923 cupiditates
1123 1872 1342 1920 contiueat,
1379 1872 1533 1912 animae

184 1948 360 2001 speciem
398 1947 436 1985 in
476 1958 523 1985 eo
562 1943 808 1986 adstruxisse
847 1944 978 1988 docet.
1042 1944 1185 1987 Totum
1225 1948 1342 1999 igitur
1383 1959 1531 2000 corpus

183 2022 393 2063 humanum
422 2021 568 2063 affabre
597 2020 742 2062 factum
775 2026 839 2062 est
868 2024 948 2072 sic,
985 2027 1030 2063 ut
1067 2024 1210 2063 mentis
1249 2024 1413 2076 imperio
1444 2037 1533 2064 ser-

184 2101 297 2140 viret.
356 2097 447 2139 Nec
488 2107 824 2150 supervacaneum
869 2099 1021 2157 putavit
1063 2098 1347 2151 philosophus,
1393 2101 1531 2152 singu-

184 2176 309 2217 larum
340 2176 516 2229 corporis
546 2175 713 2228 partium
742 2175 872 2214 munia
903 2178 957 2214 et=
972 2172 1181 2214 facultates
1212 2174 1423 2227 explicare,
1454 2189 1532 2230 quo

186 2253 331 2294 clarius
361 2255 570 2305 appareret
599 2255 640 2291 et
677 2251 889 2290 creantium
928 2251 1122 2303 sapientia
1161 2255 1201 2291 et
1237 2253 1387 2304 ipsius,
1426 2252 1535 2306 quod

185 2331 371 2382 organica
398 2330 548 2389 ratione
579 2327 836 2380 compositum
868 2330 941 2379 est,
973 2328 1152 2380 corporis
1180 2329 1321 2368 virtus.

274 2403 448 2458 Spinoza
483 2402 807 2459 quemadmodum
838 2401 1008 2444 docebat
1038 2402 1204 2444 eandem
1236 2417 1329 2445 esse
1359 2380 1586 2448 aneton-{W

184 2485 304 2522 tatem
337 2482 536 2534 corporis,
575 2478 738 2521 eandem
768 2480 930 2529 mentis,
968 2481 1059 2532 quia
1088 2482 1173 2533 pari
1204 2480 1321 2521 modo
1352 2481 1405 2522 ad
1435 2481 1533 2522 sub-

186 2558 368 2614 stantiam
403 2555 644 2607 referuntur,
680 2555 776 2596 nihil
805 2554 944 2607 hahet,
983 2569 1060 2609 quo
1101 2570 1246 2611 corpus
1286 2571 1373 2597 cum
1404 2560 1535 2601 anima

187 2633 436 2690 conjunctum
468 2646 562 2675 esse
592 2631 857 2685 demonstret,
888 2631 1085 2688 docetque
1116 2646 1262 2689 corpus
1291 2639 1461 2676 mentem
1481 2634 1536 2678 ad

1292 2729 1320 2777 3
