1911 3093
813 224 1112 263 ...44-

280 356 377 385 vero
417 347 498 383 tum
538 340 694 382 demum
734 343 916 383 civitates
959 344 1052 383 oriri
1091 347 1249 395 censet,
1288 358 1407 399 quum
1445 347 1644 390 voluerint

280 420 460 468 homines
507 419 733 460 convenire.
821 415 961 473 Itaque
1009 418 1224 480 spinosae·
1256 422 1398 463 civitas
1443 425 1641 477 pactione,

279 495 462 536 Platonis
493 508 591 535 vero
622 500 761 535 natura
791 500 910 548 atque
942 497 1031 548 ejus
1063 500 1307 539 necessitate
1328 498 1531 540 fundatur.
1569 498 1650 540 llle

279 571 377 612 nihil
418 583 505 611 eam
546 583 640 611 esse
672 570 829 624 judicat
864 584 980 625 quam
1011 572 1271 616 multitudinis
1302 575 1539 629 conjunctae
1568 589 1642 630 po-
1709 589 1713 594 ·

281 649 443 689 tentiam
474 661 522 688 ac
552 647 814 696 voluntatem3
853 647 919 688 hic
956 648 1009 689 ad
1039 650 1320 703 rempublicam
1352 665 1475 706 super
1505 654 1642 705 singu-

281 724 408 766 lorum
449 723 649 765 hominum
695 723 897 766 arbitrium
944 725 1087 768 elatam
1131 727 1312 790 singulos
1349 729 1440 783 lege
1479 733 1643 771 naturae

281 801 477 844 accedere
500 806 639 856 putat.
702 801 878 856 Spinoza
914 805 1032 856 igitur
1070 807 1240 846 civitatis
1282 819 1368 847 eam
1406 806 1483 847 sibi
1521 806 1643 849 infor-

280 881 402 921 mavit
430 880 651 931 imaginem,
680 892 782 932 quae
811 880 1055 932 singulorum
1083 883 1261 935 potentia
1291 881 1515 924 efficeretur
1543 888 1643 924 tam-

282 969 397 1009 quam
419 957 588 1009 partium
609 957 805 1007 integrum
827 969 875 996 ac
900 961 1025 997 totum
1048 957 1195 1011 aliquid
1224 957 1494 1009 formantium3
1525 958 1642 1000 Plato

281 1032 463 1085 singulos
501 1031 684 1072 homines
723 1031 819 1072 nihil
859 1034 935 1073 nisi
975 1034 1164 1074 articulos
1203 1034 1279 1075 sibi
1317 1034 1427 1076 finxit
1464 1038 1642 1090 corporis

285 1109 386 1162 ejus,
418 1122 496 1161 quo
526 1122 615 1149 cum
646 1109 757 1149 velut
776 1111 905 1149 anima
927 1111 1138 1163 conjuncta
1159 1115 1271 1152 esset
1289 1110 1378 1153 idea
1399 1113 1499 1165 justi
1520 1111 1645 1153 libera

283 1199 331 1227 ac
352 1184 547 1228 sublimis.
598 1184 757 1238 Regnat
784 1199 879 1238 ergo
908 1188 947 1226 in
977 1188 1137 1228 civitate
1156 1186 1338 1229 Platonis
1358 1186 1448 1230 idea
1470 1193 1643 1240 aeterna,

281 1275 481 1316 nunquam
512 1263 612 1303 satis
643 1275 691 1303 ac
722 1263 840 1316 plane
871 1262 1099 1314 manifesta,
1134 1263 1186 1304 ad
1217 1277 1332 1317 quam
1363 1264 1530 1306 tendunt
1560 1279 1643 1306 om-

281 1341 368 1389 uia3
400 1341 441 1380 in
471 1338 673 1392 Spinozae
703 1340 890 1381 voluntas
921 1340 1081 1394 publica
1112 1342 1199 1381 sive
1229 1341 1378 1382 utilitas
1409 1345 1643 1386 communis.

371 1415 590 1468 Videmus,
641 1416 938 1458 fundamentum
984 1417 1225 1471 reipublicae
1255 1416 1504 1475 *Platonicae
1549 1433 1644 1461 esse

281 1494 488 1544 rationale,
520 1493 570 1534 ab
599 1495 727 1547 ipsius
760 1496 924 1535 rationis
952 1507 1076 1548 purae
1097 1493 1269 1534 decretis
1290 1497 1517 1548 repetitum3
1549 1495 1643 1550 Spi-

279 1584 382 1612 noza
413 1572 693 1623 experientiam
725 1569 821 1610 facit
850 1570 1035 1624 politices
1066 1573 1312 1623 magistram,
1350 1571 1446 1612 licet
1475 1585 1551 1612 non
1583 1575 1642 1613 in-

281 1647 458 1698 ficietur,
506 1660 592 1687 eam
634 1648 819 1700 optimam
863 1660 957 1688 esse
994 1646 1295 1700 rempublicam,
1338 1660 1439 1701 quae
1478 1650 1644 1689 maxime

283 1720 515 1767 secundum·
543 1725 735 1765 rationem
777 1725 1053 1765 constituatur.
1108 1722 1239 1779 {Plato
1279 1737 1470 1765 summam
1508 1725 1642 1765 analo-

283 1804 386 1855 giam
425 1803 613 1855 proponit
642 1803 833 1842 internam
872 1802 988 1842 unius
1031 1801 1200 1842 hominis
1234 1801 1427 1854 justitiam
1465 1803 1567 1842 inter
1605 1806 1645 1842 et

283 1883 483 1920 externam
513 1879 683 1918 civitatis
705 1876 983 1928 conditionem,
1014 1877 1114 1918 alter
1144 1877 1387 1930 reipublicae
1417 1881 1562 1918 statum
1591 1877 1644 1918 ad

282 1957 508 1997 interiorem
545 1954 715 1995 hominis
756 1959 932 1995 naturam
971 1959 1011 1995 et
1049 1959 1093 1994 ut
1129 1956 1184 1995 ita
1224 1953 1351 1995 dicam
1384 1953 1641 1996 domesticum

282 2031 467 2082 officium,
500 2044 602 2085 quae
634 2035 698 2072 est
729 2030 793 2071 dei
825 2032 1011 2083 cognitio,
1042 2033 1241 2084 pertinere
1271 2035 1401 2084 negat.

370 2108 521 2160 Porro,
559 2106 888 2162 quemadmodum
926 2111 1044 2149 unica
1083 2113 1147 2149 est
1180 2109 1279 2161 justi
1320 2107 1411 2149 idea
1450 2112 1491 2148 et
1527 2110 1643 2150 unica

281 2186 451 2229 hominis
480 2187 608 2238 imago
638 2184 818 2239 perfecti,
842 2184 1083 2239 reipublicae
1116 2186 1231 2225 etiam
1261 2185 1499 2237 excogitavit
1526 2182 1643 2225 Plato

281 2268 427 2311 statum
461 2277 569 2314 eum,
609 2265 674 2316 qui
707 2264 880 2316 optimus
913 2267 1026 2304 esset
1057 2264 1228 2303 omnium
1260 2266 1300 2303 et
1330 2273 1445 2315 quam
1477 2263 1642 2302 maxime

281 2341 525 2382 conveniens
559 2340 752 2392 justitiae.
814 2338 1015 2380 Justitiam
1054 2343 1185 2380 autem
1217 2352 1336 2393 quum
1367 2338 1573 2392 posuisset
1602 2339 1641 2378 in

279 2423 391 2460 recta
428 2418 614 2459 virtutum
658 2418 831 2457 omnium
879 2416 1154 2458 distributione
1198 2421 1238 2457 et
1276 2418 1389 2470 quasi
1434 2420 1642 2467 concentu,

281 2509 367 2537 eam
401 2494 598 2549 judicavit
630 2507 724 2535 esse
755 2496 942 2547 optimam
974 2495 1195 2543 civitatem,
1233 2494 1273 2532 iu
1313 2506 1389 2546 qua
1428 2494 1642 2546 unusquis-

280 2586 358 2627 que
390 2573 533 2612 civium
566 2584 644 2612 non
676 2570 752 2611 sibi
785 2572 950 2621 viveret,
987 2569 1062 2611 sed
1094 2569 1249 2611 exculta
1279 2569 1447 2611 naturali
1478 2582 1552 2610 sua
1582 2571 1643 2610 in-

281 2649 393 2702 dole,
432 2649 484 2694 ad
513 2649 711 2705 publicam
743 2648 970 2700 utilitatem,
1010 2652 1195 2703 quantum
1226 2649 1316 2702 ipse
1346 2652 1509 2702 posset,
1546 2658 1641 2687 con-
