<?xml version="1.0" encoding="UTF-8"?>
<!DOCTYPE html PUBLIC "-//W3C//DTD XHTML 1.0 Transitional//EN"
    "http://www.w3.org/TR/xhtml1/DTD/xhtml1-transitional.dtd">
<html xmlns="http://www.w3.org/1999/xhtml" xml:lang="en" lang="en">
 <head>
  <title>
</title>
<meta http-equiv="Content-Type" content="text/html;charset=utf-8" />
  <meta name='ocr-system' content='tesseract 3.04.00' />
  <meta name='ocr-capabilities' content='ocr_page ocr_carea ocr_par ocr_line ocrx_word'/>
</head>
<body>
  <div class='ocr_page' id='page_1' title='image "4737999_0046.png"; bbox 0 0 1899 3130; ppageno 0'>
   <div class='ocr_carea' id='block_1_1' title="bbox 826 247 1123 298">
    <p class='ocr_par' dir='ltr' id='par_1_1' title="bbox 826 247 1123 298">
     <span class='ocr_line' id='line_1_1' title="bbox 826 247 1123 298; baseline -0.017 -8"><span class='ocrx_word' id='word_1_1' title='bbox 826 271 883 279; x_wconf 92' lang='lat'>-</span> <span class='ocrx_word' id='word_1_2' title='bbox 946 247 1004 298; x_wconf 62' lang='lat'><strong>33</strong></span> <span class='ocrx_word' id='word_1_3' title='bbox 1071 274 1123 285; x_wconf 80' lang='grc'><strong>..-</strong></span> 
     </span>
    </p>
   </div>
   <div class='ocr_carea' id='block_1_2' title="bbox 297 360 1669 2747">
    <p class='ocr_par' dir='ltr' id='par_1_2' title="bbox 298 360 1665 576">
     <span class='ocr_line' id='line_1_2' title="bbox 298 360 1665 423; baseline 0.002 -12"><span class='ocrx_word' id='word_1_4' title='bbox 298 371 335 412; x_wconf 90' lang='lat' dir='ltr'><strong>si</strong></span> <span class='ocrx_word' id='word_1_5' title='bbox 372 367 479 423; x_wconf 91' lang='lat' dir='ltr'><strong>apud</strong></span> <span class='ocrx_word' id='word_1_6' title='bbox 516 360 751 422; x_wconf 77' lang='lat' dir='ltr'><strong>Spinozam,</strong></span> <span class='ocrx_word' id='word_1_7' title='bbox 790 366 896 409; x_wconf 88' lang='lat' dir='ltr'><strong>unde</strong></span> <span class='ocrx_word' id='word_1_8' title='bbox 935 369 1084 410; x_wconf 85' lang='lat' dir='ltr'><strong>oriatur</strong></span> <span class='ocrx_word' id='word_1_9' title='bbox 1126 370 1358 423; x_wconf 74' lang='lat' dir='ltr'><strong>impotentia</strong></span> <span class='ocrx_word' id='word_1_10' title='bbox 1401 368 1574 414; x_wconf 83' lang='lat' dir='ltr'><strong>humana</strong></span> <span class='ocrx_word' id='word_1_11' title='bbox 1624 376 1665 413; x_wconf 91' lang='lat' dir='ltr'><strong>et</strong></span> 
     </span>
     <span class='ocr_line' id='line_1_3' title="bbox 298 443 1663 501; baseline 0.004 -16"><span class='ocrx_word' id='word_1_12' title='bbox 298 445 392 500; x_wconf 81' lang='lat' dir='ltr'><strong>quid</strong></span> <span class='ocrx_word' id='word_1_13' title='bbox 422 447 478 490; x_wconf 87' lang='lat' dir='ltr'><strong>sit</strong></span> <span class='ocrx_word' id='word_1_14' title='bbox 504 443 603 486; x_wconf 87' lang='lat' dir='ltr'><strong>illud</strong></span> <span class='ocrx_word' id='word_1_15' title='bbox 626 446 874 499; x_wconf 79' lang='lat' dir='ltr'><strong>negativum,</strong></span> <span class='ocrx_word' id='word_1_16' title='bbox 906 445 1015 501; x_wconf 89' lang='lat' dir='ltr'><strong>quod</strong></span> <span class='ocrx_word' id='word_1_17' title='bbox 1038 445 1215 487; x_wconf 87' lang='lat' dir='ltr'><strong>dolorem</strong></span> <span class='ocrx_word' id='word_1_18' title='bbox 1235 448 1361 501; x_wconf 78' lang='lat' dir='ltr'><strong>gignit</strong></span> <span class='ocrx_word' id='word_1_19' title='bbox 1391 452 1431 489; x_wconf 86' lang='lat' dir='ltr'><strong>et</strong></span> <span class='ocrx_word' id='word_1_20' title='bbox 1444 449 1663 501; x_wconf 78' lang='lat' dir='ltr'><strong>tristitiam,</strong></span> 
     </span>
     <span class='ocr_line' id='line_1_4' title="bbox 305 524 600 576; baseline -0.003 -11"><span class='ocrx_word' id='word_1_21' title='bbox 305 524 534 576; x_wconf 77' lang='lat' dir='ltr'><strong>interrogat.</strong></span> <span class='ocrx_word' id='word_1_22' title='bbox 595 534 600 538; x_wconf 85' lang='lat'><strong>·</strong></span> 
     </span>
    </p>

    <p class='ocr_par' dir='ltr' id='par_1_3' title="bbox 297 598 1668 1648">
     <span class='ocr_line' id='line_1_5' title="bbox 392 598 1665 657; baseline 0.002 -16"><span class='ocrx_word' id='word_1_23' title='bbox 392 598 570 653; x_wconf 84' lang='lat' dir='ltr'><strong>Spinoza</strong></span> <span class='ocrx_word' id='word_1_24' title='bbox 605 601 725 652; x_wconf 87' lang='lat' dir='ltr'><strong>igitur</strong></span> <span class='ocrx_word' id='word_1_25' title='bbox 772 603 931 642; x_wconf 86' lang='lat' dir='ltr'><strong>virtutis</strong></span> <span class='ocrx_word' id='word_1_26' title='bbox 951 614 1164 642; x_wconf 68' lang='lat' dir='ltr'><strong>summum</strong></span> <span class='ocrx_word' id='word_1_27' title='bbox 1202 601 1402 656; x_wconf 74' lang='lat' dir='ltr'>fastigium</span> <span class='ocrx_word' id='word_1_28' title='bbox 1447 605 1488 643; x_wconf 90' lang='lat' dir='ltr'><strong>in</strong></span> <span class='ocrx_word' id='word_1_29' title='bbox 1515 602 1665 657; x_wconf 88' lang='lat' dir='ltr'><strong>-aliqua</strong></span> 
     </span>
     <span class='ocr_line' id='line_1_6' title="bbox 302 678 1665 734; baseline 0.001 -14"><span class='ocrx_word' id='word_1_30' title='bbox 302 680 456 721; x_wconf 88' lang='lat' dir='ltr'><strong>animae</strong></span> <span class='ocrx_word' id='word_1_31' title='bbox 486 682 649 720; x_wconf 87' lang='lat' dir='ltr'><strong>nostrae</strong></span> <span class='ocrx_word' id='word_1_32' title='bbox 680 678 907 721; x_wconf 85' lang='lat' dir='ltr'><strong>conditione</strong></span> <span class='ocrx_word' id='word_1_33' title='bbox 937 682 1094 734; x_wconf 84' lang='lat' dir='ltr'><strong>posuit,</strong></span> <span class='ocrx_word' id='word_1_34' title='bbox 1132 679 1185 721; x_wconf 90' lang='lat' dir='ltr'><strong>ad</strong></span> <span class='ocrx_word' id='word_1_35' title='bbox 1222 693 1339 734; x_wconf 89' lang='lat' dir='ltr'><strong>quam</strong></span> <span class='ocrx_word' id='word_1_36' title='bbox 1373 685 1419 722; x_wconf 91' lang='lat' dir='ltr'><strong>ut</strong></span> <span class='ocrx_word' id='word_1_37' title='bbox 1446 682 1665 732; x_wconf 84' lang='lat' dir='ltr'><strong>veniamus,</strong></span> 
     </span>
     <span class='ocr_line' id='line_1_7' title="bbox 301 755 1664 812; baseline 0.002 -16"><span class='ocrx_word' id='word_1_38' title='bbox 301 768 430 811; x_wconf 81' lang='lat' dir='ltr'><strong>penes</strong></span> <span class='ocrx_word' id='word_1_39' title='bbox 468 769 786 811; x_wconf 85' lang='lat' dir='ltr'><strong>unumquemque</strong></span> <span class='ocrx_word' id='word_1_40' title='bbox 826 761 890 798; x_wconf 91' lang='lat' dir='ltr'><strong>est</strong></span> <span class='ocrx_word' id='word_1_41' title='bbox 933 756 1126 812; x_wconf 82' lang='lat' dir='ltr'><strong>facultas3</strong></span> <span class='ocrx_word' id='word_1_42' title='bbox 1166 755 1376 799; x_wconf 78' lang='lat' dir='ltr'><strong>Platonem</strong></span> <span class='ocrx_word' id='word_1_43' title='bbox 1420 770 1516 799; x_wconf 87' lang='lat' dir='ltr'><strong>vero</strong></span> <span class='ocrx_word' id='word_1_44' title='bbox 1556 759 1664 799; x_wconf 88' lang='lat' dir='ltr'><strong>notio</strong></span> 
     </span>
     <span class='ocr_line' id='line_1_8' title="bbox 297 833 1665 887; baseline 0.001 -13"><span class='ocrx_word' id='word_1_45' title='bbox 297 834 499 886; x_wconf 86' lang='lat' dir='ltr'><strong>justitiae,</strong></span> <span class='ocrx_word' id='word_1_46' title='bbox 529 836 568 873; x_wconf 90' lang='lat' dir='ltr'><strong>in</strong></span> <span class='ocrx_word' id='word_1_47' title='bbox 601 847 679 886; x_wconf 83' lang='lat' dir='ltr'><strong>qua</strong></span> <span class='ocrx_word' id='word_1_48' title='bbox 709 834 892 875; x_wconf 88' lang='lat' dir='ltr'><strong>columen</strong></span> <span class='ocrx_word' id='word_1_49' title='bbox 921 837 1078 875; x_wconf 86' lang='lat' dir='ltr'><strong>virtutis</strong></span> <span class='ocrx_word' id='word_1_50' title='bbox 1110 836 1246 875; x_wconf 89' lang='lat' dir='ltr'><strong>inesse</strong></span> <span class='ocrx_word' id='word_1_51' title='bbox 1267 833 1453 885; x_wconf 86' lang='lat' dir='ltr'><strong>credidit,</strong></span> <span class='ocrx_word' id='word_1_52' title='bbox 1484 848 1507 875; x_wconf 89' lang='lat' dir='ltr'><strong>a</strong></span> <span class='ocrx_word' id='word_1_53' title='bbox 1528 837 1665 887; x_wconf 73' lang='lat' dir='ltr'><strong>singu—</strong></span> 
     </span>
     <span class='ocr_line' id='line_1_9' title="bbox 304 909 1666 966; baseline 0.002 -15"><span class='ocrx_word' id='word_1_54' title='bbox 304 909 432 952; x_wconf 86' lang='lat' dir='ltr'><strong>lorum</strong></span> <span class='ocrx_word' id='word_1_55' title='bbox 471 910 673 952; x_wconf 89' lang='lat' dir='ltr'><strong>hominum</strong></span> <span class='ocrx_word' id='word_1_56' title='bbox 717 914 856 953; x_wconf 88' lang='lat' dir='ltr'><strong>natura</strong></span> <span class='ocrx_word' id='word_1_57' title='bbox 900 915 1020 966; x_wconf 88' lang='lat' dir='ltr'><strong>atque</strong></span> <span class='ocrx_word' id='word_1_58' title='bbox 1057 909 1188 953; x_wconf 85' lang='lat' dir='ltr'><strong>officio</strong></span> <span class='ocrx_word' id='word_1_59' title='bbox 1219 910 1279 954; x_wconf 77' lang='lat' dir='ltr'><strong>‘ad</strong></span> <span class='ocrx_word' id='word_1_60' title='bbox 1318 910 1515 966; x_wconf 83' lang='lat' dir='ltr'><strong>publicam</strong></span> <span class='ocrx_word' id='word_1_61' title='bbox 1545 912 1666 955; x_wconf 81' lang='lat' dir='ltr'><strong>vitam</strong></span> 
     </span>
     <span class='ocr_line' id='line_1_10' title="bbox 305 988 1667 1043; baseline 0.001 -14"><span class='ocrx_word' id='word_1_62' title='bbox 305 990 584 1042; x_wconf 75' lang='lat' dir='ltr'><strong>civitatemque</strong></span> <span class='ocrx_word' id='word_1_63' title='bbox 614 988 804 1040; x_wconf 82' lang='lat' dir='ltr'><strong>traduxit,</strong></span> <span class='ocrx_word' id='word_1_64' title='bbox 836 1003 914 1043; x_wconf 90' lang='lat' dir='ltr'><strong>qua</strong></span> <span class='ocrx_word' id='word_1_65' title='bbox 953 989 1117 1031; x_wconf 86' lang='lat' dir='ltr'><strong>formata</strong></span> <span class='ocrx_word' id='word_1_66' title='bbox 1160 990 1349 1042; x_wconf 87' lang='lat' dir='ltr'><strong>majorem</strong></span> <span class='ocrx_word' id='word_1_67' title='bbox 1392 992 1667 1031; x_wconf 77' lang='lat' dir='ltr'><strong>nanciscamur</strong></span> 
     </span>
     <span class='ocr_line' id='line_1_11' title="bbox 305 1065 1666 1122; baseline 0.001 -14"><span class='ocrx_word' id='word_1_68' title='bbox 305 1065 594 1109; x_wconf 86' lang='lat' dir='ltr'><strong>sufficientiam.</strong></span> <span class='ocrx_word' id='word_1_69' title='bbox 640 1067 777 1119; x_wconf 80' lang='lat' dir='ltr'><strong>Quare</strong></span> <span class='ocrx_word' id='word_1_70' title='bbox 808 1069 1018 1109; x_wconf 85' lang='lat' dir='ltr'><strong>universae</strong></span> <span class='ocrx_word' id='word_1_71' title='bbox 1049 1066 1201 1109; x_wconf 76' lang='lat' dir='ltr'><strong>ethices</strong></span> <span class='ocrx_word' id='word_1_72' title='bbox 1238 1066 1375 1118; x_wconf 88' lang='lat' dir='ltr'><strong>finem,</strong></span> <span class='ocrx_word' id='word_1_73' title='bbox 1406 1069 1666 1122; x_wconf 80' lang='lat' dir='ltr'><strong>acquiescen-</strong></span> 
     </span>
     <span class='ocr_line' id='line_1_12' title="bbox 306 1143 1665 1197; baseline 0.001 -13"><span class='ocrx_word' id='word_1_74' title='bbox 306 1145 400 1186; x_wconf 88' lang='lat' dir='ltr'><strong>tiam</strong></span> <span class='ocrx_word' id='word_1_75' title='bbox 432 1148 474 1184; x_wconf 77' lang='lat' dir='ltr'><strong>et</strong></span> <span class='ocrx_word' id='word_1_76' title='bbox 501 1143 750 1195; x_wconf 79' lang='lat' dir='ltr'><strong>beatitatem,</strong></span> <span class='ocrx_word' id='word_1_77' title='bbox 788 1143 906 1185; x_wconf 90' lang='lat' dir='ltr'><strong>Plato</strong></span> <span class='ocrx_word' id='word_1_78' title='bbox 954 1147 1041 1185; x_wconf 89' lang='lat' dir='ltr'><strong>sine</strong></span> <span class='ocrx_word' id='word_1_79' title='bbox 1079 1148 1163 1185; x_wconf 88' lang='lat' dir='ltr'><strong>arte</strong></span> <span class='ocrx_word' id='word_1_80' title='bbox 1202 1144 1363 1197; x_wconf 87' lang='lat' dir='ltr'><strong>politica</strong></span> <span class='ocrx_word' id='word_1_81' title='bbox 1400 1144 1507 1184; x_wconf 90' lang='lat' dir='ltr'><strong>nullo</strong></span> <span class='ocrx_word' id='word_1_82' title='bbox 1547 1149 1665 1197; x_wconf 80' lang='lat' dir='ltr'><strong>pacto</strong></span> 
     </span>
     <span class='ocr_line' id='line_1_13' title="bbox 308 1219 1666 1275; baseline 0.001 -14"><span class='ocrx_word' id='word_1_83' title='bbox 308 1219 413 1270; x_wconf 86' lang='lat' dir='ltr'><strong>dari,</strong></span> <span class='ocrx_word' id='word_1_84' title='bbox 444 1219 619 1274; x_wconf 87' lang='lat' dir='ltr'><strong>Spinoza</strong></span> <span class='ocrx_word' id='word_1_85' title='bbox 650 1222 777 1273; x_wconf 82' lang='lat' dir='ltr'><strong>magis</strong></span> <span class='ocrx_word' id='word_1_86' title='bbox 808 1219 861 1261; x_wconf 90' lang='lat' dir='ltr'><strong>ad</strong></span> <span class='ocrx_word' id='word_1_87' title='bbox 890 1220 1017 1261; x_wconf 88' lang='lat' dir='ltr'><strong>solam</strong></span> <span class='ocrx_word' id='word_1_88' title='bbox 1048 1220 1242 1261; x_wconf 75' lang='lat' dir='ltr'><strong>humanae</strong></span> <span class='ocrx_word' id='word_1_89' title='bbox 1262 1221 1404 1261; x_wconf 78' lang='lat' dir='ltr'><strong>mentis</strong></span> <span class='ocrx_word' id='word_1_90' title='bbox 1425 1221 1465 1260; x_wconf 92' lang='lat' dir='ltr'><strong>in</strong></span> <span class='ocrx_word' id='word_1_91' title='bbox 1496 1233 1543 1261; x_wconf 87' lang='lat' dir='ltr'><strong>se</strong></span> <span class='ocrx_word' id='word_1_92' title='bbox 1573 1233 1666 1275; x_wconf 88' lang='lat' dir='ltr'><strong>per-</strong></span> 
     </span>
     <span class='ocr_line' id='line_1_14' title="bbox 305 1280 1668 1352; baseline -0.001 -13"><span class='ocrx_word' id='word_1_93' title='bbox 305 1298 516 1339; x_wconf 85' lang='lat' dir='ltr'><strong>fectionem</strong></span> <span class='ocrx_word' id='word_1_94' title='bbox 548 1280 748 1352; x_wconf 85' lang='lat' dir='ltr'><strong>pertinere</strong></span> <span class='ocrx_word' id='word_1_95' title='bbox 781 1302 904 1351; x_wconf 88' lang='lat' dir='ltr'><strong>putat.</strong></span> <span class='ocrx_word' id='word_1_96' title='bbox 953 1296 1040 1338; x_wconf 87' lang='lat' dir='ltr'><strong>Sed</strong></span> <span class='ocrx_word' id='word_1_97' title='bbox 1070 1302 1152 1348; x_wconf 86' lang='lat' dir='ltr'><strong>est,</strong></span> <span class='ocrx_word' id='word_1_98' title='bbox 1184 1302 1227 1338; x_wconf 90' lang='lat' dir='ltr'><strong>ut</strong></span> <span class='ocrx_word' id='word_1_99' title='bbox 1248 1296 1430 1338; x_wconf 86' lang='lat' dir='ltr'><strong>Graecus</strong></span> <span class='ocrx_word' id='word_1_100' title='bbox 1460 1299 1576 1338; x_wconf 86' lang='lat' dir='ltr'><strong>etiam</strong></span> <span class='ocrx_word' id='word_1_101' title='bbox 1607 1300 1668 1338; x_wconf 89' lang='lat' dir='ltr'><strong>in-</strong></span> 
     </span>
     <span class='ocr_line' id='line_1_15' title="bbox 306 1373 1668 1429; baseline 0 -13"><span class='ocrx_word' id='word_1_102' title='bbox 306 1377 412 1428; x_wconf 89' lang='lat' dir='ltr'><strong>genii</strong></span> <span class='ocrx_word' id='word_1_103' title='bbox 444 1377 652 1417; x_wconf 86' lang='lat' dir='ltr'><strong>scientiam</strong></span> <span class='ocrx_word' id='word_1_104' title='bbox 681 1379 801 1429; x_wconf 87' lang='lat' dir='ltr'><strong>atque</strong></span> <span class='ocrx_word' id='word_1_105' title='bbox 832 1375 1072 1429; x_wconf 85' lang='lat' dir='ltr'><strong>peculiarem</strong></span> <span class='ocrx_word' id='word_1_106' title='bbox 1103 1373 1301 1428; x_wconf 83' lang='lat' dir='ltr'><strong>cogitandi</strong></span> <span class='ocrx_word' id='word_1_107' title='bbox 1321 1374 1548 1417; x_wconf 84' lang='lat' dir='ltr'><strong>facultatem</strong></span> <span class='ocrx_word' id='word_1_108' title='bbox 1578 1375 1668 1429; x_wconf 90' lang='lat' dir='ltr'><strong>plu-</strong></span> 
     </span>
     <span class='ocr_line' id='line_1_16' title="bbox 307 1447 1667 1509; baseline 0.001 -16"><span class='ocrx_word' id='word_1_109' title='bbox 307 1454 393 1493; x_wconf 89' lang='lat' dir='ltr'><strong>rimi</strong></span> <span class='ocrx_word' id='word_1_110' title='bbox 414 1452 552 1494; x_wconf 83' lang='lat' dir='ltr'><strong>faciat:</strong></span> <span class='ocrx_word' id='word_1_111' title='bbox 573 1466 676 1506; x_wconf 87' lang='lat' dir='ltr'><strong>quae</strong></span> <span class='ocrx_word' id='word_1_112' title='bbox 698 1457 762 1493; x_wconf 88' lang='lat' dir='ltr'><strong>est</strong></span> <span class='ocrx_word' id='word_1_113' title='bbox 781 1452 849 1492; x_wconf 88' lang='lat' dir='ltr'><strong>illa</strong></span> <span class='ocrx_word' id='word_1_114' title='bbox 864 1447 1065 1509; x_wconf 76' lang='grc' dir='ltr'><strong><em>ὁμοίωσις</em></strong></span> <span class='ocrx_word' id='word_1_115' title='bbox 1085 1454 1145 1495; x_wconf 74' lang='grc' dir='ltr'><strong>τῶ·</strong></span> <span class='ocrx_word' id='word_1_116' title='bbox 1167 1454 1282 1504; x_wconf 74' lang='grc' dir='ltr'><strong>θεῶ,</strong></span> <span class='ocrx_word' id='word_1_117' title='bbox 1307 1465 1473 1506; x_wconf 88' lang='lat' dir='ltr'><strong>quacum</strong></span> <span class='ocrx_word' id='word_1_118' title='bbox 1494 1464 1667 1494; x_wconf 89' lang='lat' dir='ltr'><strong>amorem</strong></span> 
     </span>
     <span class='ocr_line' id='line_1_17' title="bbox 308 1529 1667 1584; baseline 0.001 -14"><span class='ocrx_word' id='word_1_119' title='bbox 308 1529 373 1571; x_wconf 88' lang='lat' dir='ltr'><strong>dei</strong></span> <span class='ocrx_word' id='word_1_120' title='bbox 403 1530 711 1571; x_wconf 88' lang='lat' dir='ltr'><strong>intellectualem</strong></span> <span class='ocrx_word' id='word_1_121' title='bbox 743 1529 943 1583; x_wconf 85' lang='lat' dir='ltr'><strong>Spinozae</strong></span> <span class='ocrx_word' id='word_1_122' title='bbox 973 1532 1149 1584; x_wconf 84' lang='lat' dir='ltr'><strong>proxime</strong></span> <span class='ocrx_word' id='word_1_123' title='bbox 1190 1540 1418 1584; x_wconf 85' lang='lat' dir='ltr'><strong>comparare</strong></span> <span class='ocrx_word' id='word_1_124' title='bbox 1449 1542 1576 1583; x_wconf 88' lang='lat' dir='ltr'><strong>posse</strong></span> <span class='ocrx_word' id='word_1_125' title='bbox 1605 1531 1667 1571; x_wconf 86' lang='lat' dir='ltr'><strong>vi-</strong></span> 
     </span>
     <span class='ocr_line' id='line_1_18' title="bbox 308 1605 458 1648; baseline 0.007 -1"><span class='ocrx_word' id='word_1_126' title='bbox 308 1605 458 1648; x_wconf 85' lang='lat' dir='ltr'><strong>demur.</strong></span> 
     </span>
    </p>

    <p class='ocr_par' dir='ltr' id='par_1_4' title="bbox 304 1683 1669 2747">
     <span class='ocr_line' id='line_1_19' title="bbox 399 1683 1669 1738; baseline 0.001 -14"><span class='ocrx_word' id='word_1_127' title='bbox 399 1684 530 1736; x_wconf 81' lang='lat' dir='ltr'><strong>Quam</strong></span> <span class='ocrx_word' id='word_1_128' title='bbox 563 1685 680 1724; x_wconf 89' lang='lat' dir='ltr'><strong>animi</strong></span> <span class='ocrx_word' id='word_1_129' title='bbox 711 1683 869 1724; x_wconf 89' lang='lat' dir='ltr'><strong>humani</strong></span> <span class='ocrx_word' id='word_1_130' title='bbox 897 1685 1279 1736; x_wconf 71' lang='lat' dir='ltr'><strong>praestantissimam</strong></span> <span class='ocrx_word' id='word_1_131' title='bbox 1299 1685 1483 1724; x_wconf 85' lang='lat' dir='ltr'><strong>virtutem</strong></span> <span class='ocrx_word' id='word_1_132' title='bbox 1503 1689 1669 1738; x_wconf 84' lang='lat' dir='ltr'><strong>uterque</strong></span> 
     </span>
     <span class='ocr_line' id='line_1_20' title="bbox 308 1759 1667 1815; baseline 0 -13"><span class='ocrx_word' id='word_1_133' title='bbox 308 1759 635 1815; x_wconf 85' lang='lat' dir='ltr'><strong>splendidissime</strong></span> <span class='ocrx_word' id='word_1_134' title='bbox 664 1761 859 1814; x_wconf 83' lang='lat' dir='ltr'><strong>exposuit.</strong></span> <span class='ocrx_word' id='word_1_135' title='bbox 893 1759 1096 1813; x_wconf 86' lang='lat' dir='ltr'><strong>Praecipit</strong></span> <span class='ocrx_word' id='word_1_136' title='bbox 1115 1765 1245 1801; x_wconf 88' lang='lat' dir='ltr'><strong>autem</strong></span> <span class='ocrx_word' id='word_1_137' title='bbox 1269 1759 1386 1801; x_wconf 88' lang='lat' dir='ltr'><strong>Plato</strong></span> <span class='ocrx_word' id='word_1_138' title='bbox 1415 1760 1509 1801; x_wconf 87' lang='lat' dir='ltr'><strong>honi</strong></span> <span class='ocrx_word' id='word_1_139' title='bbox 1539 1759 1667 1803; x_wconf 89' lang='lat' dir='ltr'><strong>ideam</strong></span> 
     </span>
     <span class='ocr_line' id='line_1_21' title="bbox 307 1836 1664 1892; baseline 0 -13"><span class='ocrx_word' id='word_1_140' title='bbox 307 1840 422 1892; x_wconf 88' lang='lat' dir='ltr'><strong>quasi</strong></span> <span class='ocrx_word' id='word_1_141' title='bbox 464 1836 515 1878; x_wconf 89' lang='lat' dir='ltr'><strong>ob</strong></span> <span class='ocrx_word' id='word_1_142' title='bbox 563 1837 703 1878; x_wconf 89' lang='lat' dir='ltr'><strong>oculos</strong></span> <span class='ocrx_word' id='word_1_143' title='bbox 746 1850 840 1886; x_wconf 83' lang='lat' dir='ltr'><strong>esse</strong></span> <span class='ocrx_word' id='word_1_144' title='bbox 878 1836 1121 1891; x_wconf 88' lang='lat' dir='ltr'><strong>ponendam,</strong></span> <span class='ocrx_word' id='word_1_145' title='bbox 1167 1850 1290 1891; x_wconf 89' lang='lat' dir='ltr'><strong>quae,</strong></span> <span class='ocrx_word' id='word_1_146' title='bbox 1342 1841 1386 1878; x_wconf 89' lang='lat' dir='ltr'><strong>ut</strong></span> <span class='ocrx_word' id='word_1_147' title='bbox 1425 1837 1488 1878; x_wconf 91' lang='lat' dir='ltr'><strong>sol</strong></span> <span class='ocrx_word' id='word_1_148' title='bbox 1537 1837 1664 1879; x_wconf 85' lang='lat' dir='ltr'><strong>oculis</strong></span> 
     </span>
     <span class='ocr_line' id='line_1_22' title="bbox 305 1913 1667 1969; baseline 0 -14"><span class='ocrx_word' id='word_1_149' title='bbox 305 1917 457 1956; x_wconf 88' lang='lat' dir='ltr'><strong>nostris</strong></span> <span class='ocrx_word' id='word_1_150' title='bbox 490 1915 623 1955; x_wconf 90' lang='lat' dir='ltr'><strong>lumen</strong></span> <span class='ocrx_word' id='word_1_151' title='bbox 654 1913 821 1955; x_wconf 84' lang='lat' dir='ltr'><strong>affundit</strong></span> <span class='ocrx_word' id='word_1_152' title='bbox 849 1913 1068 1968; x_wconf 86' lang='lat' dir='ltr'><strong>efficitque,</strong></span> <span class='ocrx_word' id='word_1_153' title='bbox 1102 1918 1146 1954; x_wconf 91' lang='lat' dir='ltr'><strong>ut</strong></span> <span class='ocrx_word' id='word_1_154' title='bbox 1177 1926 1344 1968; x_wconf 87' lang='lat' dir='ltr'><strong>corpora</strong></span> <span class='ocrx_word' id='word_1_155' title='bbox 1375 1927 1539 1956; x_wconf 85' lang='lat' dir='ltr'><strong>cernere</strong></span> <span class='ocrx_word' id='word_1_156' title='bbox 1569 1927 1667 1969; x_wconf 90' lang='lat' dir='ltr'><strong>pos-</strong></span> 
     </span>
     <span class='ocr_line' id='line_1_23' title="bbox 304 1990 1667 2046; baseline -0.001 -12"><span class='ocrx_word' id='word_1_157' title='bbox 304 1995 452 2044; x_wconf 80' lang='lat' dir='ltr'><strong>simus,</strong></span> <span class='ocrx_word' id='word_1_158' title='bbox 492 1994 547 2034; x_wconf 88' lang='lat' dir='ltr'><strong>ita</strong></span> <span class='ocrx_word' id='word_1_159' title='bbox 582 1994 702 2034; x_wconf 88' lang='lat' dir='ltr'><strong>menti</strong></span> <span class='ocrx_word' id='word_1_160' title='bbox 733 1992 845 2033; x_wconf 83' lang='lat' dir='ltr'><strong>affert</strong></span> <span class='ocrx_word' id='word_1_161' title='bbox 876 1990 1144 2044; x_wconf 87' lang='lat' dir='ltr'><strong>cognoscendi</strong></span> <span class='ocrx_word' id='word_1_162' title='bbox 1175 1991 1402 2033; x_wconf 86' lang='lat' dir='ltr'><strong>facultatem</strong></span> <span class='ocrx_word' id='word_1_163' title='bbox 1431 2005 1577 2046; x_wconf 80' lang='lat' dir='ltr'><strong>resque</strong></span> <span class='ocrx_word' id='word_1_164' title='bbox 1605 1995 1667 2044; x_wconf 84' lang='lat' dir='ltr'><strong>in-</strong></span> 
     </span>
     <span class='ocr_line' id='line_1_24' title="bbox 305 2067 1667 2123; baseline 0.001 -12"><span class='ocrx_word' id='word_1_165' title='bbox 305 2070 429 2123; x_wconf 82' lang='lat' dir='ltr'><strong>telligi</strong></span> <span class='ocrx_word' id='word_1_166' title='bbox 476 2083 601 2123; x_wconf 88' lang='lat' dir='ltr'><strong>posse</strong></span> <span class='ocrx_word' id='word_1_167' title='bbox 647 2069 754 2111; x_wconf 84' lang='lat' dir='ltr'><strong>facit.</strong></span> <span class='ocrx_word' id='word_1_168' title='bbox 823 2067 1041 2110; x_wconf 85' lang='lat' dir='ltr'><strong>Praeterea</strong></span> <span class='ocrx_word' id='word_1_169' title='bbox 1086 2070 1177 2123; x_wconf 87' lang='lat' dir='ltr'><strong>quia</strong></span> <span class='ocrx_word' id='word_1_170' title='bbox 1222 2069 1368 2110; x_wconf 91' lang='lat' dir='ltr'><strong>bonum</strong></span> <span class='ocrx_word' id='word_1_171' title='bbox 1411 2068 1509 2110; x_wconf 88' lang='lat' dir='ltr'><strong>illud</strong></span> <span class='ocrx_word' id='word_1_172' title='bbox 1546 2070 1667 2112; x_wconf 85' lang='lat' dir='ltr'><strong>rebus</strong></span> 
     </span>
     <span class='ocr_line' id='line_1_25' title="bbox 306 2146 1668 2199; baseline 0 -11"><span class='ocrx_word' id='word_1_173' title='bbox 306 2149 462 2188; x_wconf 89' lang='lat' dir='ltr'><strong>cunctis</strong></span> <span class='ocrx_word' id='word_1_174' title='bbox 501 2160 581 2187; x_wconf 87' lang='lat' dir='ltr'><strong>nou</strong></span> <span class='ocrx_word' id='word_1_175' title='bbox 618 2151 769 2188; x_wconf 87' lang='lat' dir='ltr'><strong>tantum</strong></span> <span class='ocrx_word' id='word_1_176' title='bbox 808 2146 886 2187; x_wconf 89' lang='lat' dir='ltr'><strong>hoc</strong></span> <span class='ocrx_word' id='word_1_177' title='bbox 925 2147 1107 2199; x_wconf 89' lang='lat' dir='ltr'><strong>largitur,</strong></span> <span class='ocrx_word' id='word_1_178' title='bbox 1154 2151 1197 2187; x_wconf 88' lang='lat' dir='ltr'><strong>ut</strong></span> <span class='ocrx_word' id='word_1_179' title='bbox 1235 2151 1546 2199; x_wconf 82' lang='lat' dir='ltr'><strong>cognoscantur,</strong></span> <span class='ocrx_word' id='word_1_180' title='bbox 1592 2146 1668 2189; x_wconf 86' lang='lat' dir='ltr'><strong>sed</strong></span> 
     </span>
     <span class='ocr_line' id='line_1_26' title="bbox 307 2223 1665 2276; baseline 0 -10"><span class='ocrx_word' id='word_1_181' title='bbox 307 2228 423 2266; x_wconf 87' lang='lat' dir='ltr'><strong>etiam</strong></span> <span class='ocrx_word' id='word_1_182' title='bbox 462 2229 506 2266; x_wconf 87' lang='lat' dir='ltr'><strong>ut</strong></span> <span class='ocrx_word' id='word_1_183' title='bbox 544 2227 650 2276; x_wconf 89' lang='lat' dir='ltr'><strong>sint,</strong></span> <span class='ocrx_word' id='word_1_184' title='bbox 688 2238 841 2266; x_wconf 89' lang='lat' dir='ltr'><strong>summa</strong></span> <span class='ocrx_word' id='word_1_185' title='bbox 878 2238 955 2266; x_wconf 93' lang='lat' dir='ltr'><strong>nos</strong></span> <span class='ocrx_word' id='word_1_186' title='bbox 994 2227 1058 2266; x_wconf 86' lang='lat' dir='ltr'><strong>sui</strong></span> <span class='ocrx_word' id='word_1_187' title='bbox 1089 2223 1346 2267; x_wconf 88' lang='lat' dir='ltr'><strong>admiratione</strong></span> <span class='ocrx_word' id='word_1_188' title='bbox 1386 2229 1427 2266; x_wconf 89' lang='lat' dir='ltr'><strong>et</strong></span> <span class='ocrx_word' id='word_1_189' title='bbox 1466 2223 1665 2267; x_wconf 83' lang='lat' dir='ltr'><strong>desiderio</strong></span> 
     </span>
     <span class='ocr_line' id='line_1_27' title="bbox 306 2296 1666 2357; baseline -0.001 -13"><span class='ocrx_word' id='word_1_190' title='bbox 306 2316 436 2357; x_wconf 89' lang='lat' dir='ltr'><strong>usque</strong></span> <span class='ocrx_word' id='word_1_191' title='bbox 467 2306 676 2343; x_wconf 85' lang='lat' dir='ltr'><strong>crescente</strong></span> <span class='ocrx_word' id='word_1_192' title='bbox 707 2302 875 2356; x_wconf 51' lang='lat' dir='ltr'><strong>implet„</strong></span> <span class='ocrx_word' id='word_1_193' title='bbox 904 2296 1018 2344; x_wconf 82' lang='lat' dir='ltr'><strong>Hanc</strong></span> <span class='ocrx_word' id='word_1_194' title='bbox 1048 2302 1168 2353; x_wconf 81' lang='lat' dir='ltr'><strong>igitur</strong></span> <span class='ocrx_word' id='word_1_195' title='bbox 1198 2305 1240 2341; x_wconf 91' lang='lat' dir='ltr'><strong>ut</strong></span> <span class='ocrx_word' id='word_1_196' title='bbox 1269 2314 1343 2355; x_wconf 91' lang='lat' dir='ltr'><strong>per</strong></span> <span class='ocrx_word' id='word_1_197' title='bbox 1372 2314 1420 2342; x_wconf 91' lang='lat' dir='ltr'><strong>se</strong></span> <span class='ocrx_word' id='word_1_198' title='bbox 1450 2301 1584 2342; x_wconf 57' lang='lat' dir='ltr'><strong>solam&gt;</strong></span> <span class='ocrx_word' id='word_1_199' title='bbox 1606 2303 1666 2342; x_wconf 92' lang='lat' dir='ltr'><strong>in-</strong></span> 
     </span>
     <span class='ocr_line' id='line_1_28' title="bbox 307 2378 1666 2434; baseline -0.002 -10"><span class='ocrx_word' id='word_1_200' title='bbox 307 2387 488 2424; x_wconf 89' lang='lat' dir='ltr'><strong>tueamur</strong></span> <span class='ocrx_word' id='word_1_201' title='bbox 525 2385 566 2421; x_wconf 92' lang='lat' dir='ltr'><strong>et</strong></span> <span class='ocrx_word' id='word_1_202' title='bbox 596 2379 806 2433; x_wconf 84' lang='lat' dir='ltr'><strong>cogitando</strong></span> <span class='ocrx_word' id='word_1_203' title='bbox 840 2378 1243 2434; x_wconf 88' lang='lat' dir='ltr'><strong>comprehendamus,</strong></span> <span class='ocrx_word' id='word_1_204' title='bbox 1281 2383 1374 2420; x_wconf 89' lang='lat' dir='ltr'><strong>ante</strong></span> <span class='ocrx_word' id='word_1_205' title='bbox 1404 2380 1534 2420; x_wconf 88' lang='lat' dir='ltr'><strong>omnia</strong></span> <span class='ocrx_word' id='word_1_206' title='bbox 1564 2392 1666 2434; x_wconf 90' lang='lat' dir='ltr'><strong>opus</strong></span> 
     </span>
     <span class='ocr_line' id='line_1_29' title="bbox 308 2455 1667 2519; baseline -0.002 -17"><span class='ocrx_word' id='word_1_207' title='bbox 308 2464 393 2511; x_wconf 90' lang='lat' dir='ltr'><strong>est,</strong></span> <span class='ocrx_word' id='word_1_208' title='bbox 425 2456 745 2514; x_wconf 82' lang='lat' dir='ltr'><strong>quandoquidem</strong></span> <span class='ocrx_word' id='word_1_209' title='bbox 775 2459 854 2500; x_wconf 89' lang='lat' dir='ltr'><strong>ista</strong></span> <span class='ocrx_word' id='word_1_210' title='bbox 885 2472 973 2519; x_wconf 82' lang='lat' dir='ltr'><strong>cum</strong></span> <span class='ocrx_word' id='word_1_211' title='bbox 1001 2457 1093 2500; x_wconf 86' lang='lat' dir='ltr'><strong>idea</strong></span> <span class='ocrx_word' id='word_1_212' title='bbox 1112 2455 1209 2499; x_wconf 88' lang='lat' dir='ltr'><strong>nihil</strong></span> <span class='ocrx_word' id='word_1_213' title='bbox 1229 2469 1308 2497; x_wconf 88' lang='lat' dir='ltr'><strong>non</strong></span> <span class='ocrx_word' id='word_1_214' title='bbox 1328 2458 1383 2498; x_wconf 89' lang='lat' dir='ltr'><strong>sit</strong></span> <span class='ocrx_word' id='word_1_215' title='bbox 1403 2456 1667 2510; x_wconf 83' lang='lat' dir='ltr'><strong>conjunctum,</strong></span> 
     </span>
     <span class='ocr_line' id='line_1_30' title="bbox 307 2534 1667 2592; baseline -0.001 -13"><span class='ocrx_word' id='word_1_216' title='bbox 307 2537 415 2592; x_wconf 91' lang='lat' dir='ltr'><strong>quod</strong></span> <span class='ocrx_word' id='word_1_217' title='bbox 462 2537 640 2578; x_wconf 88' lang='lat' dir='ltr'><strong>felicitati</strong></span> <span class='ocrx_word' id='word_1_218' title='bbox 685 2541 848 2578; x_wconf 87' lang='lat' dir='ltr'><strong>nostrae</strong></span> <span class='ocrx_word' id='word_1_219' title='bbox 887 2538 1090 2577; x_wconf 86' lang='lat' dir='ltr'><strong>inserviat.</strong></span> <span class='ocrx_word' id='word_1_220' title='bbox 1158 2534 1302 2588; x_wconf 87' lang='lat' dir='ltr'><strong>Neque</strong></span> <span class='ocrx_word' id='word_1_221' title='bbox 1339 2535 1454 2576; x_wconf 88' lang='lat' dir='ltr'><strong>aliter</strong></span> <span class='ocrx_word' id='word_1_222' title='bbox 1492 2534 1667 2589; x_wconf 86' lang='lat' dir='ltr'><strong>Spinoza</strong></span> 
     </span>
     <span class='ocr_line' id='line_1_31' title="bbox 306 2610 1666 2667; baseline -0.001 -12"><span class='ocrx_word' id='word_1_223' title='bbox 306 2628 383 2655; x_wconf 90' lang='lat' dir='ltr'><strong>nos</strong></span> <span class='ocrx_word' id='word_1_224' title='bbox 429 2613 481 2655; x_wconf 91' lang='lat' dir='ltr'><strong>ad</strong></span> <span class='ocrx_word' id='word_1_225' title='bbox 521 2613 789 2655; x_wconf 70' lang='lat' dir='ltr'><strong>&#39;substantiam</strong></span> <span class='ocrx_word' id='word_1_226' title='bbox 836 2610 1178 2667; x_wconf 87' lang='lat' dir='ltr'><strong>contemplandam</strong></span> <span class='ocrx_word' id='word_1_227' title='bbox 1225 2616 1385 2663; x_wconf 86' lang='lat' dir='ltr'><strong>evocat,</strong></span> <span class='ocrx_word' id='word_1_228' title='bbox 1432 2612 1547 2666; x_wconf 89' lang='lat' dir='ltr'><strong>cujus</strong></span> <span class='ocrx_word' id='word_1_229' title='bbox 1588 2615 1666 2667; x_wconf 83' lang='lat' dir='ltr'><strong>ipsi</strong></span> 
     </span>
     <span class='ocr_line' id='line_1_32' title="bbox 306 2688 1667 2747; baseline 0 -14"><span class='ocrx_word' id='word_1_230' title='bbox 306 2705 445 2734; x_wconf 88' lang='lat' dir='ltr'><strong>sumus</strong></span> <span class='ocrx_word' id='word_1_231' title='bbox 477 2704 572 2746; x_wconf 88' lang='lat' dir='ltr'><strong>pars</strong></span> <span class='ocrx_word' id='word_1_232' title='bbox 605 2695 645 2734; x_wconf 86' lang='lat' dir='ltr'><strong>et</strong></span> <span class='ocrx_word' id='word_1_233' title='bbox 674 2690 726 2734; x_wconf 90' lang='lat' dir='ltr'><strong>ad</strong></span> <span class='ocrx_word' id='word_1_234' title='bbox 757 2705 892 2747; x_wconf 85' lang='lat' dir='ltr'><strong>quam,</strong></span> <span class='ocrx_word' id='word_1_235' title='bbox 924 2696 1122 2746; x_wconf 87' lang='lat' dir='ltr'><strong>tamquam</strong></span> <span class='ocrx_word' id='word_1_236' title='bbox 1143 2688 1194 2732; x_wconf 89' lang='lat' dir='ltr'><strong>ad</strong></span> <span class='ocrx_word' id='word_1_237' title='bbox 1213 2694 1418 2745; x_wconf 87' lang='lat' dir='ltr'><strong>parentem</strong></span> <span class='ocrx_word' id='word_1_238' title='bbox 1437 2691 1667 2733; x_wconf 79' lang='lat' dir='ltr'><strong>amantissi-</strong></span> 
     </span>
    </p>
   </div>
  </div>
 </body>
</html>
