1892 3124
779 246 1078 289 ...43-

251 365 563 423 hudamentum,
600 379 717 422 quam
751 367 1027 421 aequalitatem
1058 366 1257 408 hominum
1284 366 1459 407 omnium
1488 369 1604 407 natu-

251 445 374 487 ralem
402 449 580 488 statuere
608 458 732 500 passa
762 449 837 487 est.
897 443 1016 485 Unde
1045 440 1109 496 fit,
1147 450 1192 486 ut
1221 446 1394 486 civitatis
1424 445 1604 500 speeiem

253 524 494 578 conceperit·
511 523 613 564 alter
640 521 904 577 philosophus
935 522 1109 563 alteram.

340 601 528 641 Attamen
557 598 607 640 ab
639 598 770 640 ethica
798 600 959 651 proprie
990 597 1096 640 dicta
1124 602 1289 652 uterque
1321 598 1486 640 eandem
1516 598 1602 640 fere

249 677 353 717 viam
378 674 455 716 sibi
482 674 535 716 ad
561 675 761 729 politicam
788 675 956 729 aperuit.
986 670 1177 716 Homines
1196 676 1301 715 enim
1319 679 1366 716 ut
1384 677 1600 718 societates

244 754 460 807 jungerent
489 757 530 794 et
555 765 638 793 rem
657 750 856 806 publicam
875 754 1181 803 constituerent,
1207 755 1471 795 commovisse
1499 753 1601 795 indi-

250 831 421 884 gentiam
452 828 598 872 dicunt.
658 827 810 871 Verum
838 827 977 880 Plato,
1007 842 1086 870 non
1117 843 1165 871 eo
1197 834 1425 882 contentus,
1460 832 1602 872 iterum

249 907 303 949 ad
338 906 515 949 idearum
553 906 770 954 doctrinam
808 906 1007 959 confugit,
1044 920 1096 949 ne
1136 910 1308 949 externis
1352 907 1599 950 solummodo

249 982 540 1027 conditionibus
569 983 842 1025 formationem
871 983 1113 1038 reipublicae
1140 984 1342 1026 tribueret.
1388 984 1501 1026 Dixit
1529 998 1601 1026 au-

249 1066 328 1103 tem
362 1062 463 1115 justi
500 1060 629 1102 ideam
666 1060 835 1115 singulis
872 1060 1096 1102 hominibus
1135 1062 1271 1101 inesse
1308 1060 1484 1114 quidem,
1525 1060 1602 1102 sed

249 1137 414 1181 eandem
451 1137 606 1180 facilius
645 1143 686 1180 et
713 1140 889 1193 apertius
920 1140 1027 1180 cerni
1064 1140 1106 1179 in
1144 1140 1303 1180 civitate
1332 1138 1443 1180 velut
1471 1140 1511 1179 iu
1540 1143 1601 1180 ta-

247 1216 344 1257 bula
380 1214 655 1269 grandioribus
693 1215 835 1257 litteris
874 1217 1110 1269 conscripta.
1172 1213 1301 1256 Addit
1331 1214 1476 1256 deinde
1506 1228 1601 1256 ean-

250 1293 340 1335 dem
371 1307 465 1335 esse
495 1297 537 1334 et
564 1291 669 1334 idem
701 1292 859 1334 efficere
884 1293 1078 1346 justitiam
1104 1294 1148 1332 in
1177 1296 1261 1333 tota
1291 1294 1450 1333 civitate
1481 1297 1600 1347 atque

247 1373 287 1412 in
326 1383 406 1412 uuo
445 1370 622 1421 homine,
662 1368 738 1411 sed
774 1371 854 1410 vim
881 1369 997 1410 ‘illius
1034 1371 1075 1410 in
1115 1371 1293 1420 civitate,
1332 1383 1435 1424 quae
1474 1371 1599 1424 major

248 1430 500 1506 ampliorque·
523 1450 596 1499 sit,
627 1446 853 1489 et'fa'cilius
885 1452 926 1488 et
956 1447 1102 1488 clarius
1132 1449 1307 1501 perspici
1336 1460 1474 1501 posse.
1519 1446 1599 1489 lta-

249 1539 326 1580 que
348 1525 465 1568 Plato
487 1527 657 1567 civitatis
678 1524 949 1566 formationem
968 1538 1048 1565 non
1071 1526 1250 1578 suscepit
1271 1526 1442 1566 civitatis
1464 1538 1598 1577 causa,

248 1602 323 1644 sed
352 1608 397 1645 ut
427 1601 642 1657 explicaret
665 1603 845 1656 justitiae
875 1603 963 1643 sive
985 1599 1085 1655 justi
1113 1600 1263 1651 ideam3
1295 1601 1469 1655 Spinoza
1489 1615 1598 1654 vero,

247 1692 365 1733 quum
401 1680 582 1721 civitates
621 1677 673 1719 ad
703 1691 816 1719 usum
848 1677 978 1719 solum
1006 1678 1205 1719 hominum
1234 1677 1419 1729 referret,
1456 1677 1597 1720 funda-

246 1761 377 1799 menta
417 1770 549 1800 earum
583 1751 683 1810 jecit
711 1755 824 1806 talia,
863 1769 965 1809 quae
994 1755 1153 1810 publico
1183 1757 1274 1796 usui
1305 1755 1390 1796 sore
1419 1756 1594 1810 putabat.

150 1880 157 1885 a
245 1833 423 1885 Deinde,
468 1835 647 1888 quamvis
693 1831 946 1886 indigentiam
984 1832 1183 1875 hominum
1222 1834 1394 1876 civitatis
1433 1846 1596 1876 causam

247 1924 341 1953 esse
384 1911 581 1951 voluisset
625 1909 765 1959 Plato,
804 1914 957 1960 tamen,
1002 1912 1127 1950 missa
1164 1909 1241 1950 hac
1281 1913 1497 1961 sententia,
1542 1910 1596 1951 ad

244 1986 411 2029 idealem
442 1988 612 2029 civitatis
644 1988 941 2040 conceptionem
972 1999 1067 2028 sese
1097 1986 1281 2027 contulit:
1311 1986 1352 2027 id
1372 1985 1480 2041 quod
1499 1985 1595 2041 Spi-

244 2078 345 2106 noza
382 2069 422 2105 et
457 2065 657 2117 vituperat
693 2068 734 2104 et
770 2067 979 2104 aversatus
1009 2068 1085 2103 est.
1147 2063 1281 2115 Quum
1303 2065 1500 2120 vaiiimum,
1539 2066 1595 2105 ita

244 2144 317 2193 ait,
357 2140 409 2183 ad
438 2141 637 2195 politicam
668 2140 942 2194 applicuerim,
972 2139 1089 2191 nihil,
1119 2138 1227 2193 quod
1256 2140 1321 2181 vel
1351 2152 1497 2180 novum
1526 2140 1594 2181 vel

244 2217 458 2260 inauditum
490 2201 572 2269 est,
602 2216 677 2259 sed
694 2221 845 2258 tantum
877 2229 944 2268 ea,
974 2229 1075 2270 quae
1097 2221 1188 2257 cum¹
1205 2218 1315 2270 praxi
1336 2218 1594 2268 conveniunt,

245 2301 355 2340 certa
393 2299 434 2338 et
471 2293 687 2338 indubitata
724 2295 876 2337 ratione
916 2292 1187 2336 demonstrare
1225 2299 1293 2336 aut
1323 2308 1371 2336 ex
1400 2278 1490 2349 ipsa
1518 2294 1593 2336 bu-

244 2387 383 2416 manae
411 2378 576 2416 naturae
605 2371 829 2414 conditione
860 2370 1059 2414 deducere
1088 2371 1250 2415 intendi.
1296 2370 1503 2414 Discrevit
1522 2384 1593 2414 au-

244 2455 323 2492 tem
348 2452 418 2505 jus
449 2451 629 2494 naturale
652 2464 675 2493 a
690 2451 783 2504 jure
803 2449 926 2492 civili:
957 2449 1064 2505 quod
1083 2448 1220 2500 Plato,
1250 2450 1367 2491 homo
1389 2451 1591 2504 antiquus,

243 2540 322 2569 non
361 2527 468 2570 fecit.
531 2527 609 2570 Hic
643 2531 766 2579 enim,
804 2532 850 2570 ut
880 2532 989 2570 extra
1020 2529 1215 2569 civitatem
1247 2525 1437 2580 degerent
1465 2526 1593 2568 homi-

225 2617 317 2665 ·nes
347 2604 432 2646 fieri
461 2617 586 2659 posse
616 2608 796 2658 negavit3
836 2608 1020 2659 quocirca
1052 2606 1248 2645 civitatem
1280 2602 1417 2645 eadem
1447 2617 1592 2645 neces-

243 2684 361 2724 sitate
390 2681 559 2725 naturali
590 2684 760 2725 existere
790 2683 894 2735 vult,
926 2696 1004 2737 qua
1025 2684 1154 2738 ipsum
1174 2679 1370 2723 mundum.
1416 2679 1594 2736 Spinoza
