1911 3131
801 247 892 278 '3
957 233 1131 291 ι5()..;

302 362 421 409 Plato
452 364 583 408 omnia
612 364 800 419 intuetur3
832 371 1027 422 qnatenus
1057 363 1343 427 proprissmit,
1373 364 1544 425 ideoque
1563 367 1664 412 mul:-

304 443 479 498 tiplicem
510 456 559 508 ac
588 443 778 489 variatam
808 439 940 488 rel-uhi
971 445 1125 501 copiam
1155 445 1361 502 pioponit3
1400 445 1577 503 Spino'za
1605 445 1664 489 le-‘

303 530 379 575 ges
411 524 621 577 excogitat,
653 521 796 577 quibus
827 525 958 566 omnia
988 522 1041 567 ad
1070 523 1187 567 unuin
1209 524 1368 568 referat.
1411 523 1543 580 Hujus
1564 523 1665 568 deus
1719 582 1721 584 ‚

303 601 386 654 agit
406 599 628 645 'secundum
648 603 933 645 necessitatem
954 603 1054 646 suae¹
1072 602 1249 656 naturae,
1262 601 1444 647 Platonis
1460 602 1512 646 ad
1533 604 1664 646 exenia

302 678 391 733 piar
420 691 519 722 suae
548 682 713 722 naturae
744 681 866 723 creat.

393 744 683 814 Philosophiae
719 757 965 801 theol-eticae
1005 764 1045 801 et
1079 760 1280 815 ptactic'a'e
1317 758 1487 802 medium
1533 757 1664 802 locum

303 841 414 879 tenet
444 837 762 891 anthi-opologia.
809 835 1067 889 „Hoii»ines,'’
1098 827 1225 893 inquit
1254 837 1442 893 Spinoz'a,
1472 843 1592 890 „sunt
1621 839 1666 879 ut

304 914 527 968 intelligant
558 919 599 956 et
627 914 849 968 intelligant
879 914 1041 966 deum?
1079 913 1198 958 Plato
1229 926 1309 958 non
1340 916 1491 967 solum,
1512 918 1566 956 'ut
1595 929 1663 957 co-

304 1004 567 1046 gnoscamus,
597 992 812 1047 praecipit,
844 979 919 1034 sed
946 995 1025 1034 'nos
1057 992 1107 1036 ob
1140 991 1181 1034 i‘d
1213 995 1328 1035 etia'm
1362 995 1455 1035 esse
1485 993 1591 1045 vult,
1621 996 1666 1034 ut

305 1072 507 1113 'civitatem
537 1069 765 1122 formemus,
798 1070 914 1125 cujus
946 1071 1128 1112 omnibus
1159 1072 1333 1113 numeris
1363 1065 1547 1113 absoluta
1569 1084 1664 1112 con-

304 1150 457 1190 stitutio
495 1161 687 1190 summam
725 1136 921 1203 quandam
966 1147 1246 1203 theophaniam
1293 1147 1424 1191 efficit.
1470 1141 1665 1210 :sterque

303 1226 486 1267 homines
517 1227 646 1267 animo
680 1231 721 1268 et
752 1239 920 1280 corpore
952 1225 1114 1277 «invidit,
1146 1226 1289 1280 quihus
1320 1225 1499 1279 pai-tibiis
1529 1237 1663 1279 parem

304 1305 580 1345 auctoritatem
610 1302 746 1345 tribuit
776 1301 973 1358 spinum,
1012 1307 1053 1344 at
1082 1301 1199 1344 Plato
1242 1313 1388 1357 corpus
1426 1310 1499 1357 pro
1535 1314 1665 1357 poena

303 1380 422 1422 nobis
454 1379 652 1432 additum,
684 1382 800 1434 cujus
833 1380 990 1435 quidem
1022 1373 1222 1423 illecebris
1253 1379 1304 1422 ad
1335 1382 1512 1434 pessima
1543 1392 1664 1434 quae-

294 1471 383 1513 ·que
412 1460 508 1500 vitia
538 1457 785 1513 abducimur,
817 1460 974 1499 omnino
1001 1458 1118 1513 jubet
1148 1471 1242 1500 esse
1273 1456 1547 1500 cohibendum.
1590 1456 1664 1499 As-

304 1536 500 1578 fectiones
539 1536 641 1578 aliae
679 1535 787 1591 apud
818 1535 1034 1591 Spinozam
1072 1537 1198 1578 malae
1236 1539 1348 1587 sunt,
1386 1536 1487 1577 aliae
1515 1535 1663 1586 bonae3

305 1613 413 1669 apud
452 1613 661 1656 Platonem
701 1618 841 1656 omnes
883 1618 924 1655 et
961 1612 1090 1656 bonae
1130 1619 1170 1656 et
1207 1613 1334 1656 malae
1373 1625 1465 1656 esse
1495 1616 1666 1668 possunt

303 1705 376 1746 pro
409 1691 637 1733 conditione
668 1692 769 1745 ejus,
801 1691 853 1732 ad
884 1689 992 1745 quod
1023 1691 1252 1744 diriguntur,
1282 1705 1411 1745 neque
1441 1704 1537 1732 vero
1568 1702 1664 1744 pos-

305 1774 399 1812 sunt
430 1771 583 1821 evitari,
615 1781 734 1823 quum
765 1782 789 1811 a
818 1769 959 1812 natura
989 1768 1105 1812 nobis
1137 1771 1218 1812 sint
1249 1767 1379 1811 datae.
1432 1767 1549 1810 Plato
1581 1780 1664 1809 ma-

303 1847 366 1889 las
397 1847 584 1890 libidines
615 1861 639 1889 a
670 1857 858 1901 corpore3
889 1846 1066 1901 Spinoza
1096 1858 1235 1888 omnes
1266 1847 1497 1888 affectiones
1525 1846 1574 1887 ab
1597 1856 1664 1887 ex-

303 1926 430 1967 ternis
461 1926 609 1976 causis,
641 1923 787 1966 deinde
819 1923 868 1966 ab
900 1924 1002 1967 ideis
1034 1926 1188 1967 animae
1219 1922 1406 1966 mutilatis
1437 1928 1478 1965 et
1504 1922 1665 1965 inadae-

305 2004 436 2058 quatis
468 1998 643 2046 deducit.
694 2001 955 2045 Fortitudinis
986 2006 1094 2044 notio
1125 2002 1231 2057 apud
1261 2000 1470 2044 Platonem
1501 2002 1666 2057 amplior

305 2085 381 2133 est,
412 2085 457 2122 ut
487 2082 644 2122 omnino
675 2082 846 2124 virtutis.

394 2145 472 2199 Hic
504 2160 620 2211 enim,
652 2160 780 2201 omnis
810 2155 968 2200 indoles
989 2155 1192 2211 naturalis,
1222 2159 1358 2214 inquit,
1390 2154 1546 2201 exculta
1565 2159 1667 2213 parit

303 2237 502 2288 virtutem,
533 2250 697 2292 quarum
728 2239 898 2279 omnium
930 2249 1084 2279 summa
1111 2242 1174 2279 est
1189 2238 1361 2292 justitia,
1392 2239 1432 2278 in
1453 2237 1665 2278 concilian-

306 2313 369 2356 dis
402 2326 541 2356 secum
572 2317 690 2357 animi
721 2314 976 2357 facultatibus
1008 2316 1227 2370 conspicua
1235 2325 1249 2369 3
1291 2313 1488 2369 spinum,
1526 2316 1666 2366 virtuS,

304 2394 381 2444 ait,
415 2381 478 2433 est
507 2395 647 2445 unica,
679 2393 835 2434 scilicet
864 2394 1042 2448 potentia
1070 2391 1255 2445 hominis,
1286 2393 1388 2448 quae
1418 2393 1584 2434 maxime
1614 2390 1667 2434 ad

304 2469 550 2512 intellectum
580 2473 764 2526 pertinet.
827 2467 1083 2526 'Quapropter
1117 2474 1203 2513 tota
1240 2470 1361 2525 hujus
1397 2470 1665 2526 philosophia,

303 2547 628 2605 quandoquidem
648 2551 775 2592 virtus
798 2552 1024 2603 cognitione
1044 2551 1195 2601 nititur,
1226 2549 1357 2592 ethica
1376 2547 1665 2605 'quodammodo

304 2626 387 2680 τὰς
427 2630 514 2684 pari
552 2630 706 2671 ratione
736 2624 920 2671 Platonis
952 2627 1200 2672 dialecticam
1237 2630 1385 2673 vocare
1413 2629 1551 2685 possis
1579 2631 1665 2671 nio-
