1874 3126
289 368 539 425 deliberanti
554 367 700 425 desunt
729 368 910 420 ingenio,
950 366 1121 408 feliciter
1159 373 1481 422 compensantur.
1547 371 1657 425 Quid

291 446 423 487 euim?
481 433 577 497 A}
583 442 709 496 {eum
740 448 825 486 toto
857 445 985 485 animo
1018 446 1085 498 qui
1115 457 1162 485 se
1192 458 1288 486 vere
1320 447 1454 498 erigit,
1485 449 1656 499 mystica

292 519 462 574 quadam
493 522 533 560 vi
564 525 605 562 et
635 523 825 562 amatoria
855 521 1047 574 abripitur
1083 526 1124 561 et
1161 526 1306 576 poetae
1344 524 1472 563 instar
1506 522 1654 564 amabi-

291 598 383 638 liter
412 596 618 639 insaniens
648 600 688 638 iu
720 598 877 639 coelum
907 600 1039 652 ipsum
1071 611 1119 638 ac
1151 597 1215 639 dei
1250 600 1560 640 communionem
1595 602 1655 640 in-

291 675 482 717 troivisse
513 674 590 715 sibi
619 673 789 716 videtur.

383 751 476 802 Qua
506 749 735 792 admiranda
765 754 911 806 ingenii
941 751 1101 791 humani
1131 756 1345 804 perspecta
1375 754 1565 805 potentia,
1595 752 1653 793 al-

291 831 355 869 ter
384 826 434 868 ab
466 827 592 868 altero
623 831 756 869 tamen
786 826 1114 882 philosophorum
1145 826 1347 881 discrepat
1376 828 1417 867 in
1449 841 1518 879 eo,
1549 828 1656 883 quod

294 904 347 947 ad
385 904 640 946 obtinendum
687 904 807 946 divini
853 906 1000 946 amoris
1047 903 1191 945 donum
1231 903 1462 947 conducat.·
1500 904 1656 947 Etenim

292 981 411 1025 Plato
442 984 482 1024 in
515 981 730 1034 convivio,
770 987 981 1037 postquam
1021 981 1072 1023 de
1110 996 1244 1025 amore
1274 982 1398 1024 multa
1427 981 1655 1037 disputavit,

294 1060 543 1115 periclitere,
588 1062 732 1114 inquit,
779 1059 872 1100 mihi
919 1072 1034 1113 quam
1077 1061 1242 1101 maxime
1286 1059 1479 1114 praebere
1525 1074 1656 1104 aures,

296 1137 377 1189 Qui
419 1139 522 1177 enim
561 1139 677 1178 etiam
715 1141 834 1190 atque
875 1138 992 1177 etiam
1034 1138 1251 1189 inspiciens
1298 1150 1366 1186 ea,
1412 1150 1514 1190 quae
1559 1152 1655 1179 vere

294 1213 461 1268 pulchra
498 1217 612 1264 suut,
655 1215 828 1254 nutritus
875 1208 945 1253 est
983 1214 1023 1253 in
1069 1214 1215 1253 amoris
1260 1226 1405 1264 succo,
1451 1218 1653 1268 postremo

295 1290 495 1344 spectabit
544 1289 817 1331 admirabilem
869 1287 1064 1343 quandam
1105 1288 1411 1342 pulchritudinis
1457 1294 1653 1345 speciem3

296 1368 413 1420 cujus
452 1368 675 1421 spectaculi
714 1369 841 1420 gratia
879 1380 1032 1407 omnem
1071 1366 1177 1407 illam
1215 1369 1467 1420 praeteritam
1503 1370 1655 1422 impen-

297 1442 410 1485 derat
441 1457 616 1497 operam.
678 1442 793 1485 Istud
823 1448 955 1485 autem
986 1441 1115 1497 (quod
1144 1442 1314 1494 videbit)
1347 1449 1411 1485 est
1440 1428 1654 1497 aeternum,

295 1534 494 1575 nunquam
528 1521 573 1561 fit
609 1526 677 1562 aut
715 1520 866 1572 deficit3
905 1522 1051 1574 neque'
1075 1534 1263 1561 crescens
1302 1526 1370 1562 aut
1401 1520 1654 1574 decrescens,

294 1597 443 1651 ubique
474 1598 681 1651 pulchrum
714 1612 763 1638 ac
800 1611 979 1651 semper,
1017 1611 1092 1637 nee
1130 1597 1250 1638 habet
1287 1597 1427 1638 faciem
1465 1613 1541 1640 nec
1572 1613 1654 1641 ma-

295 1688 373 1715 nus
404 1688 480 1715 nec
511 1674 618 1716 aliud
650 1675 773 1716 ullum
812 1673 1050 1725 membrum,
1089 1687 1218 1728 neque
1257 1680 1321 1716 est
1358 1688 1488 1716 sermo
1527 1690 1655 1730 neque

296 1753 477 1801 scientia,
509 1764 640 1804 neque
671 1753 710 1791 in
741 1751 818 1791 alio
852 1755 927 1801 ent,
960 1749 1035 1791 sed
1062 1752 1102 1789 in
1131 1764 1178 1790 se
1199 1752 1287 1804 ipso
1319 1756 1451 1793 manet
1481 1757 1521 1793 et
1550 1751 1657 1806 apud

295 1842 355 1880 se,
386 1832 526 1869 natura
558 1830 759 1869 sincerum
790 1833 910 1882 atque
941 1829 1235 1882 sempiternum.
1283 1826 1387 1869 Illud
1418 1831 1484 1883 qui
1514 1834 1655 1871 nactus

294 1910 378 1956 est,
408 1907 529 1946 vitam
560 1910 653 1959 aget
682 1919 779 1947 vere
808 1905 992 1955 vitalem3
1023 1903 1122 1946 illud
1153 1907 1218 1959 qui
1249 1907 1440 1959 intuetur,
1469 1920 1655 1961 procrea-

290 1983 351 2024 bit
379 1997 459 2024 non
490 1985 648 2024 virtutis
688 1983 920 2033 simulacra,
956 1984 1102 2036 quippe
1132 1995 1211 2023 non
1249 1983 1500 2025 simulacrum
1538 1986 1655 2025 attiu-

294 2074 406 2114 gens,
439 2058 515 2114 sed
544 2061 730 2101 virtutem
761 2061 902 2114 ipsam,
934 2061 1080 2113 quippe
1111 2062 1309 2113 attingens
1340 2061 1517 2104 verum.”
1564 2049 1656 2115 Qua

292 2139 333 2178 in
370 2137 576 2191 praeclara
615 2138 813 2178 sententia
849 2149 982 2179 nonne
1021 2136 1126 2178 idem
1171 2139 1424 2190 proponitur,
1472 2138 1579 2192 quod
1616 2141 1655 2179 in

293 2214 381 2264 illa,
422 2227 539 2267 quam
578 2213 800 2254 attulimus:
841 2211 1088 2254 dialecticam
1118 2212 1339 2266 procedere
1369 2213 1421 2255 ad
1450 2213 1510 2268 id,
1549 2214 1656 2268 quod

295 2293 383 2333 sine
414 2291 691 2345 suppositione
722 2292 788 2341 sit,
818 2303 959 2344 purum
997 2289 1095 2331 illud
1134 2304 1182 2332 ac
1219 2304 1380 2346 verum,
1419 2292 1525 2332 sive:
1572 2290 1655 2333 dia-

294 2370 482 2412 lecticum
514 2381 608 2410 esse
639 2369 915 2422 synopticum?
946 2367 1104 2423 Nempe
1136 2382 1222 2410 eam
1253 2368 1481 2423 philosophi
1510 2370 1655 2423 ingenii

295 2451 475 2489 naturam
508 2459 602 2487 esse
633 2446 735 2499 vult,
765 2450 811 2487 ut
841 2459 920 2486 non
952 2447 1231 2500 conquiescat,
1260 2450 1468 2500 antequam
1500 2445 1551 2488 ad
1581 2460 1655 2502 pu-

294 2539 427 2567 rarum
465 2523 643 2565 idearum
682 2528 916 2578 conceptum
958 2525 1195 2577 pervenerit.
1268 2523 1374 2576 Quia
1411 2537 1506 2566 vero
1550 2527 1655 2566 istuc

293 2604 401 2643 vitae
433 2601 628 2642 humanae
661 2601 843 2642 columen
874 2613 1070 2654 nunquam
1102 2601 1219 2654 plane
1251 2602 1499 2653 contingitur,
1528 2603 1655 2643 virtus

295 2683 360 2720 est
390 2679 741 2735 appropinquatio,
773 2676 905 2720 studio
935 2678 1100 2720 similior
1130 2691 1245 2733 quam
1265 2679 1547 2733 possessione3
1580 2676 1656 2721 sed
