1887 3122
811 281 1103 324 ...24—

273 402 383 444 illum
414 405 567 444 animus
597 404 686 457 ipse
719 401 890 456 disjecta
921 406 962 443 et
1000 400 1159 444 diversa
1196 402 1330 444 mundi
1360 403 1536 446 membra
1567 418 1636 446 co-

275 482 464 533 gitatione
496 481 685 534 colligere
710 480 885 534 jubetur.
932 479 1062 534 Hujus
1080 482 1137 522 rei
1159 494 1282 523 causa
1303 479 1486 524 Graecus
1506 480 1636 525 ideam

273 557 367 599 boni
398 556 568 609 inducit,
607 559 646 598 in
686 571 763 613 qua
801 571 953 599 summa
993 563 1057 600 est
1093 560 1245 610 unitas,
1282 563 1327 600 ut
1366 560 1405 600 in
1436 557 1636 614 Spinozae

273 636 519 691 substantia3
554 637 669 689 cujus
700 639 739 677 in
778 639 927 689 gremio
970 642 1011 678 et
1048 635 1236 689 gignendi
1272 639 1378 679 inest
1413 637 1478 678 lex
1516 642 1635 692 atque

274 711 394 765 ordo,
427 717 467 763 et
496 726 628 754 rerum
657 712 783 754 forma
814 712 996 768 finisque.
1047 711 1187 768 Itaque
1218 727 1337 768 quum
1367 713 1484 755 Plato
1517 713 1635 756 deum

272 805 296 831 a
338 793 502 831 materia
539 793 778 843 sejunxerit,
816 791 929 832 ideas
971 794 1221 832 constituerit
1256 791 1432 843 medias,
1468 795 1634 833 maxime

272 869 402 908 autem
434 864 564 908 ideam
594 865 688 909 boni
719 868 889 908 omnium
925 867 1065 909 fecerit
1104 867 1429 919 conciliatricem,
1460 866 1635 922 Spinoza

271 931 402 986 autem
436 950 476 986 et
507 948 778 986 extensionem
811 951 851 987 et
882 948 1159 998 cogitationem
1179 949 1219 986 in
1240 949 1367 1000 ipsius
1387 946 1634 988 substantiae

271 1025 472 1066 notionem
504 1022 820 1080 subsumpserit3
852 1023 974 1076 alter,
1014 1022 1212 1079 quomodo
1250 1037 1383 1065 rerum
1421 1022 1633 1066 diversitas

272 1103 459 1154 oriretur,
492 1115 608 1155 quam
639 1104 728 1155 ipse
760 1115 854 1142 esse
884 1104 1008 1155 ponit,
1039 1115 1119 1142 non
1150 1104 1250 1143 satis
1282 1103 1503 1156 explicavit,
1534 1103 1635 1143 alter

271 1202 330 1211 —
363 1178 577 1233 Spinozam
610 1177 701 1220 dico
734 1200 792 1208 -—
824 1178 930 1220 unde
961 1181 1143 1221 venirent
1171 1181 1304 1221 variae
1332 1181 1475 1221 mentis
1506 1178 1632 1231 ideae,

270 1269 345 1309 per
381 1267 482 1326 was
519 1258 622 1297 inter
662 1269 708 1297 se
748 1255 930 1297 diversas
970 1269 1065 1297 esse
1102 1269 1169 1296 res
1209 1255 1429 1307 credimus,
1469 1256 1632 1297 demon-

269 1338 399 1374 strare
444 1334 629 1387 neglexit.
679 1331 753 1375 Ille
795 1338 834 1374 et
872 1347 938 1374 res
981 1339 1021 1375 et
1058 1338 1229 1375 mentem
1276 1347 1364 1375 cum
1404 1332 1508 1375 ideis
1539 1347 1633 1376 esse

270 1411 506 1465 conjunctas
526 1414 678 1452 tantum
704 1409 930 1465 praedicat,
961 1410 1068 1465 quod
1099 1410 1296 1465 quomodo
1326 1410 1395 1452 fiat
1425 1413 1465 1451 in
1494 1411 1632 1466 rebus,

269 1502 348 1529 non
379 1490 523 1542 liquet3
556 1487 731 1549 Spinoza
764 1503 859 1530 vero
893 1503 1011 1543 quum
1040 1503 1195 1530 omnem
1217 1485 1472 1531 differentiam
1492 1503 1516 1531 a
1537 1489 1633 1531 sub-

269 1567 415 1608 stantia
445 1570 651 1607 removeat
681 1567 795 1620 eique
827 1578 981 1607 omnem
1025 1568 1274 1607 existentiam
1312 1566 1520 1620 largiatur,
1553 1578 1630 1620 quo

269 1650 388 1698 pacto
420 1643 528 1685 modi
561 1646 649 1697 ejus
681 1644 832 1686 diversi
866 1647 1037 1687 existere
1067 1647 1246 1698 possint,
1277 1658 1356 1685 non
1388 1644 1579 1685 enucleat.

360 1721 491 1775 Quam
521 1723 766 1776 propositam
800 1720 1070 1762 difficultatem
1097 1720 1214 1762 Plato
1246 1723 1282 1762 si
1310 1734 1390 1761 non
1421 1721 1562 1771 solvit,
1592 1725 1634 1762 at

269 1805 399 1851 certe,
433 1813 511 1854 quo
533 1801 665 1853 possit
688 1798 866 1859 confugi,
898 1798 1058 1841 indicat.
1106 1798 1357 1841 Dualismum
1380 1800 1481 1840 euim
1502 1813 1633 1840 rerum

269 1882 481 1921 sanaturus
512 1890 658 1917 novum
689 1877 948 1931 altioremque
980 1875 1215 1917 dualismum
1246 1876 1378 1917 intulit
1407 1875 1632 1931 mundoque

267 1955 381 2005 huic,
414 1968 530 2008 quem
562 1955 691 1996 oculis
723 1957 942 2006 cernimus,
973 1953 1159 1995 mundum
1199 1956 1390 2008 opposuit
1426 1958 1631 1995 aeternum

268 2035 448 2087 ipsarum
468 2030 660 2084 idearum,
681 2031 980 2085 intelligibilem,
1002 2045 1125 2086 purae
1145 2033 1288 2072 mentis
1310 2031 1631 2086 contemplationi

268 2110 450 2162 obvium,
481 2109 534 2152 ad
564 2123 682 2164 quem
714 2109 878 2151 escendi
920 2114 1112 2164 oporteat.
1163 2108 1237 2150 Cui
1278 2109 1404 2163 elysio
1442 2108 1539 2150 nihil
1576 2111 1631 2151 si-

267 2189 360 2229 mile
400 2187 522 2228 habet
559 2186 736 2241 Spinoza
782 2192 941 2241 praeter
990 2187 1270 2238 substantiam,
1309 2186 1361 2227 ad
1399 2200 1515 2240 quam
1553 2199 1632 2227 non

266 2264 485 2317 tendimus,
518 2263 593 2306 sed
623 2266 881 2317 recurrimus,
913 2278 1014 2319 quae
1051 2265 1233 2319 quoniam
1272 2276 1426 2305 omnem
1459 2264 1631 2304 existen-

267 2345 361 2384 tiam
390 2345 592 2395 vitamque
622 2344 681 2382 in*
692 2355 739 2383 se
771 2345 965 2393 continet,
995 2342 1251 2396 philosophia
1274 2344 1393 2382 ¹vitae
1428 2340 1629 2392 meditatio

268 2426 342 2464 est.
389 2419 509 2463 Plato
541 2432 636 2461 vero
668 2418 720 2461 ad
750 2422 871 2461 istum
902 2434 1086 2476 purarum
1107 2418 1284 2461 idearum
1313 2432 1534 2461 conversus
1565 2432 1630 2461 or-

265 2500 377 2551 bem,
406 2500 447 2539 in
476 2497 697 2540 Phaedone
727 2498 1020 2553 philosophiam
1051 2500 1190 2539 mortis
1223 2511 1317 2540 esse
1337 2497 1631 2541 meditationem

269 2577 384 2629 dicit,
430 2590 503 2632 per
541 2591 658 2631 quam
696 2579 876 2632 corporis
918 2590 1145 2619 exseramur
1178 2573 1362 2636 vine*
1433 2575 1630 2620 Tel-rostri

272 2657 375 2697 enim
405 2657 511 2696 vitae
541 2654 783 2697 multimodis
814 2655 1003 2719 adjfflta
1035 2660 1097 2697 est
1127 2657 1310 2707 materia,
1346 2645 1464 2710 'quam
1502 2656 1568 2697 hic
1606 2670 1631 2697 a

276 2747 373 2776 vera
397 2735 606 2776 existentia
630 2735 717 2777 sive
749 2714 972 2781 subm
996 2739 1169 2790 separat,
1201 2733 1268 2776 ille
1295 2747 1384 2776 cum
1410 2748 1458 2776 ea
1483 2734 1626 2788 jungit.

687 2878 726 2924 »ὲ
1022 2906 1051 2931 .
