1899 3130
831 141 863 166 Αἵ
918 180 923 182 ‚

455 222 485 247 h

783 276 842 285 ...
903 253 962 298 39
1021 274 1081 283 -

255 390 375 428 mam,
408 391 431 418 e
460 376 579 429 longa
602 376 917 430 peregrinatione
936 372 1107 416 reduces
1131 371 1418 427 confugiamus.
1450 370 1607 414 Etenim

256 453 357 495 baec
394 455 560 495 animam
596 454 726 507 pascit
763 453 948 505 cogitatio
987 455 1028 492 et
1066 453 1196 492 omnia
1233 449 1308 493 sub
1347 451 1606 492 necessitatis

257 536 297 572 et
332 532 574 572 aeternitatis
613 532 751 583 specie
788 528 883 570 facit
920 531 1118 569 intuentes
1147 528 1374 581 laetitiaque
1405 540 1604 583 nunquam

255 608 475 649 intereunte
505 605 654 660 implet.

344 683 431 725 Sed
459 685 599 723 mirum
629 682 802 723 fortasse
832 694 909 721 non
939 680 1116 732 videtur,
1148 678 1256 735 quod
1285 682 1420 723 bacin
1441 695 1485 722 re
1504 684 1606 723 inter

254 774 301 803 se
333 761 585 801 consentiunt
607 756 834 814 philosophi
856 759 1002 808 nostri,
1034 769 1152 811 quum
1174 759 1369 799 sententia
1389 757 1474 799 fere
1495 772 1604 800 com-

253 838 382 877 munis
420 838 492 886 sit,
531 848 724 876 summum
754 833 952 887 quoddam
981 834 1126 875 bonum
1157 837 1195 874 in
1226 848 1325 888 pura
1354 837 1507 876 ratione
1541 838 1602 876 in-

255 926 368 965 esse,
399 911 452 955 ad
482 910 590 967 quod
620 909 912 953 considerando
942 911 1145 966 applicare
1175 924 1250 953 nos
1272 910 1499 955 debeamus.
1548 911 1606 954 At

253 989 373 1031 babet
402 990 502 1031 haec
532 991 620 1044 ipsa
650 989 829 1030 doctrina
859 988 1061 1029 amborum
1082 1001 1321 1030 consensum
1341 989 1462 1030 multo
1476 992 1604 1030 etiam

252 1065 593 1109 admirabiliorem.
653 1065 807 1108 Etenim
837 1069 1003 1120 uterque
1042 1079 1131 1107 cum
1170 1066 1374 1108 intellectu
1405 1066 1606 1120 conjunxit

252 1157 444 1184 amorem:
482 1157 560 1197 quo
600 1143 706 1185 facto
745 1156 823 1183 non
853 1142 971 1184 modo
1003 1145 1260 1196 cogitantem,
1298 1148 1343 1184 ut
1372 1145 1427 1184 ita
1457 1142 1606 1194 dicam,

251 1222 402 1261 animae
434 1220 625 1261 humanae
655 1225 825 1274 partem,
856 1219 932 1260 sed
960 1224 1085 1260 totum
1116 1219 1312 1261 hominem
1343 1219 1395 1261 ad
1424 1220 1603 1274 pbiloso-

250 1297 381 1351 phiam
418 1298 588 1338 traxisse
624 1295 798 1347 videtur,
836 1298 927 1350 quia
959 1309 1007 1336 ea
1036 1298 1183 1337 amoris
1215 1302 1279 1338 est
1308 1299 1390 1349 vis,
1420 1294 1473 1353 [ut
1502 1288 1602 1338 tam-

252 1387 367 1428 quam
412 1373 644 1428 penetrabili
690 1372 860 1427 quodam
892 1373 1028 1426 jaculo
1070 1372 1123 1414 ad
1158 1372 1368 1415 medullam
1405 1374 1602 1425 transfixi,

251 1450 357 1492 nulla
394 1451 627 1505 interposita
662 1462 790 1501 mora,
830 1450 1012 1491 omnibus
1049 1450 1137 1492 aliis
1175 1451 1344 1505 abjectis
1389 1450 1603 1502 illecebris,

250 1532 322 1570 toti
360 1528 412 1570 ad
442 1526 503 1578 id,
536 1526 649 1580 ⁴quod
678 1540 874 1578 amamus,
914 1540 1081 1582 corpore
1113 1533 1153 1569 et
1182 1530 1309 1569 animo
1340 1532 1602 1569 transeamus.

250 1605 334 1648 Sed
381 1616 613 1659 quamquam
654 1608 766 1654 sunt,
812 1605 878 1658 qui
917 1606 1154 1646 sententiam
1192 1603 1391 1659 Spinozae
1430 1603 1483 1645 ad
1520 1604 1601 1645 tale

249 1695 324 1722 nos
360 1681 602 1722 exhortantis
635 1679 809 1721 studium
845 1693 966 1721 secus
997 1683 1194 1734 accipiant
1224 1685 1264 1720 et
1294 1680 1400 1733 quod
1429 1694 1602 1722 amorem

248 1760 451 1800 vocaverit
497 1752 682 1798 laetitiam
735 1760 1025 1798 concomitante
1071 1757 1161 1799 idea
1209 1771 1355 1799 causae
1395 1763 1600 1809 externae,
1649 1758 1651 1760 ’

248 1849 420 1877 amorem
458 1847 552 1887 erga
590 1832 706 1875 deum
742 1834 1067 1887 intellectualem,
1107 1847 1226 1888 quum
1265 1833 1366 1875 deus
1403 1846 1600 1889 nunquam

249 1926 370 1954 causa
407 1910 522 1951 nobis
562 1914 721 1951 externa
758 1912 830 1962 sit,
869 1911 966 1951 nihil
1003 1913 1080 1951 nisi
1117 1913 1233 1951 inane
1272 1916 1313 1951 et
1349 1914 1598 1964 nugatorium

248 1987 433 2030 cerebelli
462 1987 693 2040 figmentum
719 2000 813 2028 esse
846 1986 978 2029 dicant
1009 2011 1066 2017 —
1096 1993 1247 2039 tamen,
1289 2002 1372 2029 rem
1409 1991 1464 2030 ita
1502 2002 1597 2031 sese

246 2065 412 2115 babere,
442 2069 486 2104 ut
516 2064 694 2113 credam,
730 2062 875 2104 adduci
905 2065 1012 2105 nullo
1043 2064 1161 2105 modo
1193 2079 1370 2118 possum.
1433 2066 1595 2119 Quippe

245 2147 353 2184 tanta
384 2146 447 2182 est
477 2140 597 2197 divini
626 2142 700 2181 viri
729 2140 967 2193 magnitudo,
998 2146 1042 2182 ut
1070 2155 1150 2181 non
1181 2142 1309 2182 solum
1339 2154 1457 2196 quum
1477 2156 1593 2183 suum

246 2221 475 2274 principium
507 2222 713 2271 sequatur,
749 2217 822 2258 sed
854 2220 989 2269 etiam,
1021 2232 1139 2272 quum
1170 2218 1220 2259 ab
1253 2233 1300 2260 eo
1333 2220 1492 2273 paulum
1524 2220 1596 2262 de-

246 2297 377 2347 clinet,
409 2299 583 2336 nostram
613 2295 652 2333 in
684 2306 730 2334 se
759 2296 1051 2335 venerationem
1083 2290 1301 2337 c‘onvertat.
1351 2295 1455 2337 Eant
1487 2310 1594 2350 ergo,

245 2377 311 2428 qui
357 2374 599 2428 praeclaram
643 2373 874 2413 sententiam
920 2375 1126 2427 praecipiti
1165 2372 1325 2414 abducti
1364 2373 1595 2426 humilitate,

231 2450 487 2505 ‘adspergere
529 2449 684 2492 macula
727 2462 806 2490 non
852 2447 1088 2491 dubitarunt.
1158 2449 1325 2492 Scilicet
1368 2451 1594 2493 intellectus

245 2533 285 2568 et
315 2529 574 2579 cogitationes
604 2541 736 2568 merae
766 2532 884 2581 atque
914 2527 1139 2568 abstractae
1166 2531 1349 2581 quoniam
1378 2527 1500 2568 divini
1521 2542 1594 2569 nu-
1651 2582 1654 2584 Δ

243 2605 358 2645 minis
387 2616 515 2657 neque
544 2606 623 2644 vim
653 2603 757 2645 ferre
787 2604 1250 2658 nequeprofunditatem
1271 2605 1477 2646 exhaurire
1498 2618 1593 2658 pos-

243 2686 354 2734 sunt,
393 2679 695 2735 confugiendum
733 2685 797 2724 est
834 2680 886 2724 ad
912 2694 1108 2733 amorem,
1146 2683 1261 2737 cujus
1292 2680 1454 2734 ardore,
1493 2695 1595 2738 quae
