1892 3114
763 219 1054 271 -35-

236 357 374 403 omnes
417 344 581 391 affectus
624 358 650 388 a
686 359 853 401 corpore
890 346 1105 388 deduxisse
1142 354 1357 399 eorumque
1393 339 1508 387 ideas
1544 342 1588 384 in

234 430 386 478 mente,
429 429 687 481 posteaquam
724 426 764 466 in
803 437 969 480 corpore
1007 424 1083 466 orti
1121 426 1277 475 essent,
1313 426 1397 464 tum
1428 419 1586 464 demum

238 501 387 546 dixisse
416 504 530 557 sequi
561 523 620 532 —-
650 500 759 557 quod
777 499 976 556 quomodo
995 499 1083 552 fiat,
1114 513 1192 541 non
1213 500 1451 554 intelligitur.
1484 498 1585 541 Om-

234 592 309 620 nes
347 579 512 621 affectus
550 581 590 619 in
627 582 759 619 mente
795 580 959 630 gignunt
994 577 1107 618 ideas
1145 576 1426 631 inadaequatas
1470 570 1585 618 ideo-

236 667 313 709 que
342 657 485 697 mentis
516 659 610 696 sunt
638 656 864 709 passiones.
909 653 1029 695 Mens
1048 659 1198 705 autem,
1228 659 1413 708 quantum
1436 658 1586 708 potest,

237 745 285 775 ea
314 732 514 785 imaginari
533 736 730 783 conatur,
760 743 863 785 quae
893 732 1072 785 corporis
1103 729 1245 785 agendi
1274 733 1489 786 potentiam
1514 744 1585 773 au-

236 814 330 862 gent
358 809 423 850 vel
448 809 609 862 juvant,
639 821 742 862 quae
773 809 891 849 etiam
920 807 1032 849 utilia
1061 809 1148 849 sive
1176 807 1282 849 hona
1312 808 1440 850 habet.

323 885 439 929 Plato
482 887 568 941 pari
612 884 730 926 modo
773 884 997 940 bipartitam
1043 898 1137 927 esse
1169 884 1356 940 judicans
1394 887 1586 939 animam,

235 963 398 1005 alteram
436 964 524 1017 ejus
561 967 714 1018 partem
749 962 846 1004 facit
881 962 1181 1015 intelligentem,
1220 975 1386 1016 quacum
1424 975 1585 1017 compa-

231 1042 312 1081 rari
338 1044 488 1094 potest
522 1040 749 1081 intellectus
788 1038 1006 1094 Spinozae3
1046 1039 1210 1080 alteram
1249 1040 1289 1079 in
1319 1038 1586 1081 fortitudinem

236 1121 278 1158 et
307 1116 560 1172 cupiditatem
591 1115 807 1171 distribuit3
839 1129 955 1170 quam
993 1114 1046 1157 ad
1082 1129 1150 1157 res
1186 1114 1373 1157 sensibus
1404 1115 1586 1170 objectas

234 1199 418 1249 spectare
437 1195 533 1235 vult.
567 1193 825 1235 Fortitudinis
847 1193 1022 1247 Spinoza
1043 1192 1140 1234 dicit
1161 1207 1254 1235 esse
1285 1206 1424 1235 omnes
1455 1195 1585 1235 aetio-

234 1284 328 1323 nes,
360 1284 616 1325 quaecunque
645 1275 865 1325 sequuntur
893 1284 941 1311 ex
969 1268 1241 1312 affectionibus
1264 1275 1304 1311 et
1332 1269 1384 1311 ad
1414 1274 1586 1311 mentem

234 1331 475 1398 referuntur,
520 1351 714 1400 quatenus
765 1347 965 1399 intelligit3
1013 1345 1130 1387 Plato
1177 1359 1273 1387 vero
1318 1345 1586 1387 fortitudinem

235 1425 432 1465 actionum
478 1426 649 1464 omnium
687 1428 911 1464 nostrarum
946 1436 1107 1464 causam
1137 1427 1256 1477 atque
1290 1425 1584 1464 incitamentum

234 1502 364 1554 ponit,
410 1500 531 1541 nobili
577 1513 678 1554 equo
722 1514 808 1542 eam
847 1509 1095 1554 comparans.
1144 1498 1429 1553 Comparemns
1466 1505 1585 1554 porro

235 1576 418 1628 affectus,
444 1576 583 1630 quales
613 1576 719 1630 apud
749 1576 963 1631 Spinozam
993 1581 1104 1628 sunt,
1136 1589 1226 1617 cum
1257 1575 1471 1630 cupiditate
1489 1575 1587 1618 Pla-

234 1655 386 1705 tonica,
416 1667 532 1708 quam
563 1654 628 1695 hic
658 1667 737 1695 non
768 1656 928 1706 exoriri,
967 1652 1042 1696 sed
1081 1654 1231 1695 moveri
1267 1658 1387 1708 atque
1426 1654 1587 1696 excitari

235 1734 329 1784 tunc
360 1735 521 1781 censet,
553 1744 670 1784 quum
700 1731 895 1784 voluptas·
924 1745 1012 1771 eum
1054 1745 1098 1771 re
1120 1735 1301 1781 -externa
1338 1733 1452 1784 quasi
1489 1733 1585 1771 mis-

237 1810 383 1849 ceatur.
428 1805 602 1860 Spinoza
632 1806 728 1847 dicit
757 1807 961 1858 laetitiam,
991 1806 1196 1861 quaesere
1219 1805 1357 1848 eadem
1385 1811 1448 1849 est
1466 1811 1586 1861 atque

233 1879 415 1922 Platonis
454 1876 616 1940 ἧδονή,
655 1885 769 1937 sequi
808 1883 1008 1934 affectum,
1048 1885 1083 1924 si
1128 1883 1196 1924 ille
1243 1884 1423 1937 corporis
1468 1887 1589 1935 anget

235 1957 377 2011 agendi
407 1962 631 2012 potentiam.
686 1959 851 2002 Scilicet
886 1961 1073 2002 laetitiam
1105 1965 1146 2002 et
1176 1959 1372 2012 dolorem,
1412 1973 1585 2002 amorem

236 2039 277 2074 et
304 2036 499 2076 tristitiam
521 2057 578 2065 -
607 2049 709 2091 quae
739 2039 868 2078 omnia
898 2042 991 2078 sunt
1020 2039 1234 2087 animarum
1262 2058 1321 2065 —-—
1351 2030 1506 2077 demum
1538 2050 1587 2076 ex

235 2110 440 2153 affectibus
487 2114 666 2166 corporis
707 2112 880 2166 Spinoza
919 2112 1038 2155 docet
1073 2110 1301 2167 proficisci.'
1339 2112 1456 2154 Plato
1486 2125 1585 2154 vero

236 2199 284 2228 ea
314 2189 441 2228 omnia
470 2192 514 2228 ut
544 2188 752 2242 qualitates
782 2188 834 2229 ad
862 2191 989 2243 ipsam
1019 2189 1140 2231 refert
1169 2192 1348 2231 animam.

323 2264 507 2318 Namque
538 2279 585 2306 ea
616 2270 679 2306 est
708 2267 810 2306 inter
839 2265 976 2307 ambos
1007 2266 1270 2321 philosophos
1292 2266 1370 2307 hac
1394 2280 1443 2308 ex
1471 2272 1586 2321 parte

235 2353 387 2383 summa
417 2340 699 2396 discrepantia,
731 2340 837 2395 quod
858 2340 975 2382 Plato
1007 2341 1245 2396 cupiditates
1275 2345 1387 2396 ipsas
1418 2341 1471 2383 ad
1500 2345 1586 2383 ani-

234 2431 336 2459 mam
356 2420 576 2472 pertinere,
607 2432 773 2472 easque,
805 2431 920 2471 quum
944 2421 1162 2460 excitentur
1181 2425 1298 2461 antea
1318 2420 1586 2473 quiescenteS,

236 2507 284 2534 ex
313 2495 441 2534 anima
470 2492 526 2536 ad
555 2507 622 2535 res
654 2498 835 2535 externas
867 2496 980 2548 quasi
1010 2494 1205 2548 profluere
1235 2510 1283 2536 ac
1313 2495 1481 2549 proferri
1511 2494 1585 2536 do-

238 2574 320 2621 cet3
351 2569 526 2625 Spinoza
555 2584 651 2612 vero
682 2571 846 2612 affectus
876 2573 1042 2625 primum
1081 2575 1122 2613 in
1154 2586 1321 2627 corpore
1360 2575 1471 2625 oriri,
1501 2578 1585 2614 tum

235 2660 331 2690 vero
361 2648 402 2689 in
431 2649 597 2690 animam
627 2661 675 2691 ac
705 2652 875 2691 mentem
906 2662 1040 2693 eorum
1059 2652 1196 2692 venire
1215 2648 1328 2692 ideas
1348 2650 1452 2703 vult,
1484 2663 1587 2706 quae

1299 2728 1326 2769 3
1346 2726 1373 2750 fl·
