1904 3120
828 244 1125 286 ..8-

292 368 495 424 principes
535 380 583 408 ac
621 378 813 421 proceres
850 367 901 408 ab
941 381 989 408 eo
1029 380 1159 409 rerum
1190 366 1454 421 gerendarum
1486 370 1655 412 consilia

294 447 491 501 petierint.
554 443 766 488 Tractatus
798 450 930 487 autem
964 446 1172 501 politicus,
1204 460 1321 502 quem
1351 445 1567 501 habemus,
1598 451 1655 491 ci-

294 523 362 564 vili
401 524 599 577 sapientia
637 522 775 576 pollet.
837 522 971 577 Magis
1012 526 1128 565 etiam
1166 522 1396 565 admirabile
1427 530 1510 577 est,
1548 525 1656 581 quod

292 599 440 655 ubique
477 613 551 655 per
590 613 713 655 opera
752 614 827 642 sua
864 600 1046 644 homines
1077 601 1129 644 ad
1159 607 1334 645 mutuum
1365 617 1539 646 amorem
1570 609 1655 646 stu-
1737 616 1739 618 ’

295 678 363 721 det
402 679 575 732 erigere,
619 677 696 720 hac
739 677 898 733 quidem
937 681 977 728 in
1014 693 1059 721 re
1097 694 1192 722 vere
1231 681 1482 724 christianus.
1544 681 1655 724 Nihil

295 759 399 799 enim
444 756 604 798 homine
648 756 786 798 utilius
833 757 981 799 homini
1030 772 1124 800 esse
1171 757 1288 811 dixit,
1332 760 1429 801 nihil
1450 778 1452 780 ·
1474 763 1652 816 propius.

294 834 481 890 Temperi
519 839 651 876 autem
686 835 817 877 futuro
850 835 1161 888 commendavit,
1201 851 1301 891 quae
1340 851 1535 893 praesens
1576 852 1655 880 non

294 912 479 963 haberet3
527 917 568 953 at
604 911 723 954 Plato
764 912 815 954 de
854 912 1099 955 Graecorum
1137 914 1260 956 rebus
1297 914 1381 956 fere
1421 914 1655 970 desperans,

293 990 539 1046 reipublicae
584 993 794 1046 imaginem
842 994 1049 1034 constituit
1091 993 1230 1044 talem,
1277 1007 1393 1048 quam
1438 994 1656 1036 naturalem

295 1068 455 1125 quidem
487 1083 584 1112 esse
616 1068 744 1111 credit
775 1075 816 1112 et
845 1070 1089 1122 rationalem,
1120 1069 1172 1112 ad
1202 1084 1319 1125 quam
1339 1084 1435 1113 vero
1458 1071 1654 1126 quomodo

293 1151 429 1204 possit
457 1150 671 1203 perveniri,
701 1148 930 1190 nullomodo
962 1148 1093 1191 docet.

385 1224 472 1268 Sed
502 1239 553 1269 ne
583 1227 826 1280 praecipiam
859 1239 925 1278 ea,
965 1225 1016 1267 de
1054 1225 1197 1281 quibus
1235 1231 1380 1282 postea
1413 1229 1489 1269 erit
1518 1227 1655 1271 dicen-

296 1304 408 1355 dum,
449 1303 757 1357 disputationem
795 1318 923 1345 meam
954 1303 1132 1345 avocabo
1170 1303 1223 1346 ad
1254 1303 1526 1359 explicandam
1556 1309 1655 1349 utri-

293 1395 424 1437 usque
469 1382 662 1436 temporis
710 1379 970 1423 eruditionem
1021 1383 1245 1424 universam
1297 1395 1346 1423 ac
1396 1394 1656 1435 communem,

295 1465 489 1515 quatenus
530 1458 583 1500 ad
621 1457 829 1499 formanda
867 1465 1093 1501 nostrorum
1133 1460 1460 1514 philosophorum
1499 1463 1656 1514 ingenia

295 1536 519 1580 contulerit.
581 1535 671 1579 Jam
704 1538 796 1591 quia
827 1539 1007 1589 omnino,
1056 1542 1243 1591 quantum
1282 1536 1404 1579 studii
1442 1540 1656 1594 antiquitas

295 1615 475 1666 Graeca,
514 1614 643 1656 donee
675 1613 949 1665 defloruisset,
989 1617 1029 1655 in
1068 1615 1223 1668 pulchri
1254 1629 1302 1656 ac
1332 1618 1490 1657 venusti
1521 1615 1655 1659 studio

295 1693 574 1744 collocaverit,
612 1691 717 1733 bene
747 1696 954 1743 tenemus,
995 1706 1073 1748 non
1107 1697 1188 1743 est,
1228 1692 1334 1747 quod
1365 1695 1566 1744 miremur,
1604 1694 1657 1736 ad

293 1769 601 1825 pulchritudinis
639 1782 815 1811 normam
848 1774 888 1811 et
918 1775 962 1811 ut
992 1772 1046 1811 ita
1078 1770 1206 1811 dicam
1236 1769 1462 1811 mandatum
1494 1784 1655 1825 compo-

293 1851 371 1890 sita
403 1862 498 1890 ense
527 1846 711 1889 Platonis
742 1862 877 1902 opera.
922 1847 1142 1889 Recentius
1172 1853 1304 1899 autem
1341 1853 1498 1903 tempus
1538 1862 1657 1903 quum

295 1939 456 1981 semper
495 1924 635 1966 tendat
672 1924 724 1966 ad
762 1924 824 1976 id,
870 1923 978 1979 quod
1017 1927 1288 1967 necessarium
1327 1927 1381 1967 sit
1418 1939 1467 1967 ac
1506 1926 1656 1982 solum-

295 2002 413 2045 modo
435 2003 642 2053 rationale,
673 2017 749 2043 nec
780 2016 827 2044 se
858 2002 982 2057 abripi
1011 2005 1183 2057 patiatur
1210 2005 1382 2044 externis
1409 2013 1540 2045 rerum
1569 2008 1657 2046 tan-

296 2094 412 2135 quam
443 2081 705 2131 ornamentis,
744 2072 945 2134 Spinoiae
983 2081 1084 2121 ratio
1125 2080 1293 2134 simplex
1332 2084 1395 2122 est
1430 2094 1479 2122 ac
1509 2083 1665 2135 gravis,

295 2172 424 2212 paene
445 2159 605 2208 inculta,
636 2157 712 2198 sed
742 2160 892 2210 ingenti
925 2156 1093 2211 quadam
1124 2160 1164 2198 vi
1195 2157 1434 2211 aggrediens
1465 2172 1657 2200 summam

294 2249 425 2277 rerum
458 2233 930 2289 comprehendendarum.
991 2233 1068 2276 Est
1106 2248 1200 2289 ergo
1232 2233 1407 2287 doctior,
1446 2228 1562 2277 Plato
1593 2250 1657 2278 ar-

296 2311 514 2353 tificiosior.
576 2311 630 2352 Et
668 2326 770 2366 quae
800 2311 985 2353 Platonis
1015 2317 1196 2366 tempore
1226 2314 1394 2354 maxime
1422 2311 1555 2353 floruit
1585 2313 1657 2353 h‘o-

296 2391 521 2443 minumque
552 2390 705 2430 animos
738 2387 904 2431 detinuit
933 2391 1094 2444 poesis,
1135 2394 1214 2432 tam
1254 2390 1357 2431 altas
1388 2388 1546 2430 radices
1579 2392 1659 2443 egit

295 2469 335 2508 in
368 2468 517 2520 gremio
550 2468 676 2507 nostri
707 2466 951 2521 philosophi,
982 2471 1028 2507 ut
1058 2471 1214 2521 postea,
1245 2480 1364 2521 quum
1395 2465 1448 2507 ad
1477 2466 1658 2521 philoso-

295 2546 415 2601 phiae
447 2549 580 2588 castra
611 2558 658 2587 se
689 2546 932 2600 recepisset,
970 2559 1169 2600 nunquam
1209 2548 1328 2599 poeta
1369 2558 1461 2587 esse
1499 2543 1657 2588 desine-

296 2628 370 2666 ret.
435 2623 540 2676 Q‘uis
573 2625 676 2664 enim
708 2622 880 2676 negabit,
912 2637 990 2664 non
1022 2623 1152 2665 solum
1183 2623 1341 2677 mythos
1373 2638 1421 2665 ac
1453 2637 1657 2679 compara-

297 2703 449 2752 tiones,
489 2700 632 2758 quibus
664 2702 814 2758 scripta
846 2702 934 2756 ejus
967 2700 1187 2753 abundant,
1226 2700 1300 2744 sed
1340 2703 1456 2744 etiam
1493 2700 1658 2745 formam
