1887 3122
762 283 821 292 —
880 262 938 307 25
999 265 1076 291 -”

322 381 589 437 Dijudicando
610 386 869 426 vetustiorum
889 383 1218 438 philosophorum
1233 382 1454 424 sententias
1468 377 1587 422 Plato
1624 380 1626 382 ’

234 474 328 505 sese
358 460 410 505 ad
439 460 551 505 ideas
584 463 714 516 erigit,
745 474 844 516 quas
874 465 1016 503 nactus
1055 459 1280 502 nullomodo
1320 460 1427 501 exuit
1462 461 1588 500 artem

235 541 429 591 criticam,
459 538 535 580 sed
564 537 733 584 medium
779 552 826 579 se
864 541 965 580 inter
1002 538 1115 579 ideas
1153 552 1361 591 rerumque
1399 535 1587 578 mundum

235 605 405 660 collocat
440 621 485 658 ut
525 614 712 657 arbitrum
749 617 906 670 generis
946 617 1053 657 mixti
1091 617 1189 667 (τοῦ
1226 611 1585 673 πεπεραςμένου)ε

234 693 409 748 Spinoza
439 692 620 733 diversas
652 693 822 734 Cartesii
852 692 1095 733 substantias
1125 695 1165 733 in
1197 706 1312 733 unam
1341 693 1585 745 conglutina-

232 774 309 822 vit,
339 770 471 812 Deum
503 770 591 823 ejus
623 783 711 811 cum
742 773 902 821 natura,
932 771 1138 824 ipsamque
1169 774 1338 812 mentem
1369 782 1458 811 cum
1488 768 1585 811 sub-

234 849 378 888 stantia
407 848 630 887 arctissime
666 846 886 898 copulavit3
917 845 1086 898 ideoque
1124 860 1204 886 non
1242 846 1480 896 dirimendo,
1510 845 1587 886 sed

235 923 510 978 conjungendo
542 936 653 965 suam
684 921 855 977 adeptus
886 922 1144 966 substantiam
1170 923 1253 977 jam
1277 924 1409 978 pergit
1426 924 1468 964 in
1488 935 1585 965 con-

235 1000 404 1044 ciliando
437 999 731 1042 diversissimas
761 1013 841 1041 res.
889 999 1106 1054 Utriusque
1143 1002 1261 1052 igitur
1293 999 1501 1040 dialectica
1529 1000 1585 1052 (si

233 1081 400 1122 vel-imus
422 1079 621 1134 Spinozae
650 1078 823 1121 tribuere
850 1077 1116 1131 dialecticam)
1144 1092 1221 1119 non
1244 1077 1446 1120 doctrinae
1465 1077 1588 1120 refert

233 1159 409 1213 speciem
439 1158 477 1197 in
509 1158 605 1197 artis
635 1155 799 1197 formam
819 1154 1026 1207 redactae,
1057 1155 1133 1197 sed
1162 1154 1294 1196 vivida
1324 1160 1389 1196 'est
1417 1157 1587 1210 ipsoque

235 1250 282 1276 ex
310 1247 388 1276 usu
418 1239 559 1288 patens
590 1232 759 1275 necdum
795 1248 820 1274 a
856 1234 1141 1287 metaphysicis
1179 1235 1365 1287 separata
1400 1246 1531 1328 affe
1561 1247 1587 1274 a

232 1311 369 1354 morali
400 1310 652 1366 philosophia
681 1323 847 1364 prorsus
877 1310 1018 1352 aliena.

322 1387 497 1443 Spinoza
528 1390 656 1428 omnia
674 1387 761 1428 'sub
793 1389 1037 1428 aeternitatis
1076 1392 1118 1428 et
1154 1389 1408 1429 necessitatis
1448 1390 1586 1442 specie

232 1458 409 1518 intuens,
438 1464 555 1508 Plato
586 1466 626 1506 in
656 1463 832 1507 idearum
862 1466 1104 1520 proprietate
1128 1469 1245 1521 atque
1275 1466 1469 1520 analogiis
1498 1470 1586 1507 tan-

234 1557 349 1598 quam
378 1543 589 1584 inhaerens
619 1543 941 1596 philosophatur3
973 1543 1087 1584 ambo
1118 1546 1326 1584 veritatem
1355 1546 1462 1584 intus
1493 1557 1587 1584 esse

232 1621 455 1664 hominibus
477 1618 707 1674 confidunt,
739 1619 814 1662 sed
843 1619 944 1663 alter
974 1619 1279 1676 expergefacere
1309 1619 1422 1663 ideas
1452 1634 1586 1663 recor·

234 1699 391 1741 datione
422 1698 576 1749 studet,
608 1699 709 1739 alter
738 1700 872 1752 sopire
904 1712 1081 1753 errores3
1115 1699 1179 1739 hic
1215 1698 1267 1740 ad
1298 1700 1587 1753 simplicitatem

231 1775 388 1819 reducit
409 1758 727 1831 philosophiam,
766 1775 832 1817 ille
854 1774 1037 1817 -eandem
1068 1774 1237 1817 reddere
1266 1775 1353 1817 vult
1383 1764 1587 1831 copiosam

232 1868 281 1895 ac
310 1855 498 1907 plurimas
530 1854 857 1909 complectentem
887 1867 967 1894 res.
1007 1852 1180 1906 Spinoza
1212 1856 1270 1902 uti
1301 1857 1457 1894 omnino
1475 1835 1585 1908 Lean-

213 1935 318 1973 'sam
347 1929 502 1971 finalem
533 1944 612 1971 non
644 1930 770 1972 solum
802 1944 827 1971 a
858 1929 941 1982 dei,
973 1929 1048 1972 sed
1069 1932 1184 1972 etiam
1205 1929 1255 1972 ab
1286 1911 1490 1972 hominum
1515 1945 1586 1973 na-

232 2014 320 2050 tura
349 2010 543 2049 removeri
569 2007 696 2061 jubet,
728 2010 783 2049 ita
812 2010 942 2049 omnia
971 2007 1259 2051 mathematicis
1295 2008 1584 2062 quodammodo

232 2086 387 2140 legibus
417 2085 596 2138 subjicit;
628 2086 741 2127 Plato.
770 2085 859 2128 finis
899 2090 939 2126 et
977 2086 1131 2126 consilii
1171 2086 1330 2142 plenum
1361 2086 1515 2129 habens
1545 2092 1587 2129 et

234 2164 350 2206 deum
381 2167 422 2204 et
450 2162 635 2204 mundum
667 2168 707 2204 et
735 2164 934 2204 hominum
964 2165 1179 2215 ingenium,
1217 2146 1404 2217 organica
1433 2166 1586 2207 ratione

235 2239 460 2283 considerat
490 2241 619 2280 omnia
648 2252 696 2280 ac
726 2238 1040 2293 philosophatur.
1089 2239 1169 2292 Qui
1208 2245 1271 2281 est
1313 2239 1585 2283 diversitatum

233 2319 340 2374 apud
369 2323 531 2360 nostros
569 2317 653 2358 fere
692 2319 861 2358 omnium
892 2318 1109 2358 communis
1141 2322 1183 2360 et
1211 2320 1450 2373 praecipuus
1480 2318 1584 2362 fons.

321 2395 539 2439 Praeterea
567 2393 683 2447 Plato
724 2407 850 2448 aeque
888 2407 937 2435 ac
968 2393 1163 2449 Spinoza,
1201 2401 1411 2451 postquam
1448 2397 1516 2438 ille
1546 2399 1587 2438 in

235 2474 403 2527 dialogis
435 2473 674 2525 dialecticis,
705 2473 770 2513 hic
800 2474 841 2513 in
870 2477 1040 2514 tractatu
1071 2476 1233 2528 saepius
1265 2474 1585 2536 laudatolegen-

233 2555 328 2594 tium
358 2553 615 2618 annno‘er
645 2550 891 2592 dialecticam
921 2540 974 2593 ad
1004 2564 1120 2593 suum
1150 2552 1431 2607 philosophiae
1458 2566 1585 2607 genus

233 2632 547 2686 principiumffie
576 2632 748 2681 vocavit,
778 2633 919 2695 missa5
953 2630 1158 2685 uhjectiva
1184 2630 1265 2682 illa,
1296 2645 1411 2687 quam
1438 2630 1586 2684 dicunt,

235 2706 456 2752 disserendi
487 2708 658 2761 ratione,
696 2699 843 2763 objecti
961 2768 969 2776 κ
1004 2723 1014 2737 ·
1045 2708 1263 2764 perfectius
1294 2712 1486 2752 scientiae
1517 2724 1587 2766 sy-

785 2892 818 2920 .
1096 2854 1154 2918 ἢ
