1904 3133
843 219 1136 262 —20-

312 354 388 396 que
421 339 689 383 diversitatem
728 342 930 380 notionum
966 339 1018 381 ad
1050 325 1228 393 systema
1259 341 1485 393 organicum
1519 341 1668 393 cogita-

310 421 418 459 tione
460 418 701 471 conjungere
741 415 899 471 studet;
940 415 1115 470 Spinoza
1154 422 1285 458 autem
1324 430 1397 471 per
1436 418 1668 471 principium

310 509 425 536 suum
456 496 614 536 unicum
645 499 764 549 atque
794 494 1021 536 universale
1051 496 1220 536 animum
1257 497 1311 536 ita
1342 494 1428 535 vult
1457 491 1668 545 emendari,

308 577 352 613 nt
383 585 471 613 cum
503 576 641 612 natura
671 573 807 611 unitus
838 571 991 625 absque
1024 585 1157 613 errore
1177 585 1367 613 summam
1390 571 1535 625 ubique
1554 572 1668 623 unio·
1726 608 1728 610 .

307 665 398 693 nem
430 655 471 692 et
501 647 636 693 videat
667 653 708 691 et
737 651 826 704 ipse
858 648 1016 693 efficiat.
1538 631 1541 634 Ι
1565 637 1630 684 ⁴3

396 727 491 768 Non
530 729 669 767 mirum
710 740 826 779 ergo,
866 726 973 781 quod
1004 727 1167 768 alterius
1198 728 1478 781 philosophiae
1509 732 1669 769 externa

308 807 426 849 etiam
457 807 557 847 ratio
589 803 639 845 ab
671 804 796 845 altera
826 804 945 858 longe
975 804 1048 846 fuit
1079 803 1252 850 diversa.
1313 804 1457 860 Neque
1493 818 1588 847 vero
1621 818 1668 846 ea

309 883 590 937 explanaturus
622 894 733 933 sum,
772 895 873 935 quae
904 880 956 923 ad
987 882 1191 923 historiam
1223 884 1440 936 pertinent,
1476 887 1522 923 ut
1549 881 1667 923 Plato

307 963 346 1001 in
369 959 541 1002 Graecia
571 962 661 1013 ipsa
678 961 886 1002 ,invenerit
915 960 1106 1013 plurimos
1139 959 1371 1014 discipulos,
1402 958 1667 1002 Alexandriae

309 1036 454 1079 deinde
474 1036 830 1091 Neoplatonismus
862 1038 916 1077 sit
946 1042 1125 1088 secutus,
1157 1042 1340 1091 quantam
1371 1037 1667 1079 admirationem

307 1117 445 1169 primis
468 1114 719 1156 Christianae
741 1115 938 1155 ecclesiae
962 1114 1207 1168 temporibus
1237 1115 1501 1169 philosophus
1529 1121 1669 1157 noster

307 1194 346 1233 in
378 1206 425 1235 se
456 1194 640 1244 verterit,
680 1205 757 1246 qua
787 1205 861 1246 per
890 1196 1061 1234 aetatem
1091 1191 1279 1244 mediam,
1311 1194 1438 1246 magis
1468 1206 1564 1235 vero
1596 1206 1669 1248 per

306 1271 408 1311 haec
439 1270 524 1311 fere
556 1275 724 1324 quatuor
756 1270 917 1310 saecula
948 1269 1125 1311 floruerit
1154 1272 1408 1321 auctoritate,
1448 1276 1491 1311 ut
1530 1275 1667 1311 contra

307 1347 484 1402 Spinoza
503 1349 672 1402 partium
693 1346 778 1388 fere
807 1349 979 1388 omnium
1008 1347 1289 1389 acerbissimas
1319 1349 1544 1390 inimicitias
1575 1361 1667 1403 per-

305 1439 476 1479 pessus,
507 1439 531 1464 a
562 1426 819 1478 paucissimis
850 1424 1078 1465 intellectus
1110 1427 1181 1474 sit,
1213 1439 1237 1464 a
1265 1425 1518 1479 paucioribus
1551 1427 1665 1466 etiam

305 1501 526 1553 adamatus,
558 1506 704 1555 quanta
735 1500 988 1542 nihilominus
1018 1503 1057 1541 vi
1086 1503 1253 1543 moverit
1280 1502 1478 1543 hominum
1501 1504 1666 1554 animos,

308 1605 362 1614 —-
384 1580 488 1621 haec
517 1581 660 1629 omnia,
692 1564 934 1629 dieo,‘nuno
965 1577 1083 1618 modo
1117 1579 1409 1633 explanaturus,
1438 1579 1549 1620 brevi
1579 1584 1665 1620 tan-

305 1663 388 1698 tum
420 1655 714 1698 duumvirorum
745 1661 970 1696 nostrorum
1001 1669 1178 1696 summas
1210 1669 1372 1709 operum
1403 1640 1577 1699 rationes
1606 1660 1665 1699 in-

304 1739 367 1775 ter
387 1747 434 1775 se
463 1732 716 1787 comparabo,
747 1737 791 1772 ut
819 1731 895 1772 hac
927 1734 1044 1772 etiam
1077 1746 1125 1773 ex
1156 1737 1279 1786 parte,
1312 1732 1406 1787 quid
1436 1734 1563 1775 simile
1594 1734 1665 1775 ha-

303 1813 445 1862 beant,
493 1810 586 1864 quid
618 1809 839 1861 diversum,
882 1810 1028 1851 clarius
1060 1810 1226 1852 eluceat.
1289 1809 1426 1862 Plato,
1471 1816 1516 1852 ut
1545 1825 1666 1866 supra

305 1889 678 1943 demonstravimus,
703 1888 855 1928 animos
884 1886 1078 1928 humanos
1107 1900 1180 1941 per
1200 1885 1519 1942 depravationem
1541 1902 1664 1943 quan-

307 1950 396 2008 dam
436 1970 475 2006 in
515 1980 685 2019 corpora
722 1979 815 2006 esse
855 1967 1061 2018 conjectos
1093 1965 1263 2019 ideoque
1295 1980 1388 2007 sese
1419 1972 1665 2008 aeternarum

301 2042 483 2086 idearum
515 2042 849 2097 contemplatione
880 2054 928 2082 ac
958 2043 1250 2083 reminiscentia
1287 2043 1473 2096 paulatim
1513 2046 1664 2098 erigere

302 2123 485 2164 homines
504 2122 558 2163 ad
577 2110 874 2162 &militudinem
903 2119 1072 2163 deorum.
1096 2122 1344 2172 existimans,
1373 2121 1664 2176 philosophiam

304 2201 392 2242 sive
431 2197 679 2241 dialecticam
720 2197 817 2241 facit
853 2198 971 2244 animi
1002 2199 1274 2252 purgationem
1305 2200 1507 2254 totiusque
1538 2198 1664 2239 homi-

302 2281 366 2318 nis
396 2277 722 2326 emendationem,
754 2290 856 2329 quae
885 2278 1035 2317 sensim
1067 2279 1296 2330 sensimque
1328 2276 1537 2326 efficiatum
1569 2275 1662 2330 Spi-

304 2368 405 2412 noza
442 2367 519 2395 non
560 2355 745 2409 optimam
775 2354 1069 2409 philosophiam
1098 2354 1317 2406 invenisse,
1347 2352 1423 2395 sed
1452 2367 1586 2395 veram
1617 2367 1663 2395 se

305 2435 411 2474 scire
445 2432 553 2483 dicit,
594 2445 709 2486 quam
740 2434 795 2473 ita
827 2431 957 2484 docet,
993 2437 1039 2473 ut
1068 2434 1106 2473 in
1137 2435 1256 2474 unius
1288 2432 1536 2473 substantiae
1567 2445 1662 2473 con·
1697 2426 1700 2428 ’

304 2516 424 2564 ceptu
457 2514 767 2550 consummatam
799 2512 883 2550 veri
923 2512 1129 2552 scientiam
1166 2512 1303 2551 inesse
1335 2508 1483 2551 credat.
1544 2508 1661 2551 Plato

301 2590 434 2642 itaque
471 2601 545 2642 per
584 2589 736 2643 scripta
773 2600 848 2628 sua
885 2587 1085 2629 hominum
1116 2589 1270 2629 animos
1300 2592 1418 2643 aptos
1448 2585 1581 2629 reddit
1610 2585 1663 2627 ad

302 2665 563 2719 dialecticam,
597 2666 713 2719 cujus
745 2679 823 2720 ope
853 2665 967 2708 ideas
998 2669 1191 2719 attingant
1218 2670 1259 2708 et
1287 2664 1453 2708 redeant
1480 2664 1533 2707 ad
1553 2678 1661 2706 com-
