1904 3120
793 244 1088 288 -9-

267 364 510 420 dialogorum
548 379 641 408 vere
673 364 924 408 dramaticam
954 368 1175 421 ipsamque,
1194 364 1393 419 cogitandi
1426 368 1618 408 rationem

266 449 385 499 atque
420 443 655 499 imaginandi
693 449 868 500 poeseos
905 443 1075 499 prodere
1121 457 1293 487 amorem
1339 442 1619 500 studiumque?

268 522 360 575 Quo
393 524 499 563 circa
527 520 645 562 Plato
677 520 872 562 interdum
903 525 1047 575 postae
1077 522 1241 563 similior
1271 527 1346 572 est,
1381 535 1498 575 quam
1529 522 1619 576 phi-

267 600 438 655 losophi.
481 600 641 653 Quanto
674 603 738 640 est
767 600 946 640 severior
968 597 1164 653 Spinoza!
1196 597 1273 641 Hic
1304 613 1496 654 nusquam
1527 615 1618 642 ver-

267 677 406 719 horum
437 690 485 718 ac
516 678 799 718 sententiarum
832 677 974 718 laetam
1004 676 1168 731 praehet
1199 678 1372 731 copiam,
1412 691 1619 733 nusquam,

267 755 377 797 velut
405 753 537 806 Plato,
572 754 762 797 formulas
792 753 1081 810 quodammodo
1112 754 1355 808 rhythmicas
1386 755 1462 797 sihi
1492 758 1618 811 impo-

268 836 347 885 nit,
384 847 462 888 quo
500 833 682 874 licentius
712 835 815 874 inter
846 846 981 875 earum
1010 832 1111 874 fines
1142 835 1404 888 exspatietur,
1442 832 1517 875 sed
1549 847 1619 875 na-

268 916 393 952 turam
425 910 516 951 dum
547 911 632 951 vult
663 912 776 965 sequi
807 910 953 961 solam,
984 915 1159 952 naturam
1191 915 1320 952 autem
1353 913 1618 952 strictissimis

268 988 424 1042 legibus
447 982 638 1030 contineri
653 986 822 1041 judicat,
852 987 904 1029 ad
935 993 1066 1030 certas
1096 989 1210 1042 leges
1241 994 1282 1030 et
1311 989 1515 1044 simplices
1548 988 1619 1030 de-

268 1067 591 1107 monstrationem
622 1079 776 1107 omnem
806 1077 997 1107 revocare
1028 1070 1202 1107 conatur.
1251 1066 1342 1119 Qua
1364 1068 1405 1107 in
1425 1080 1482 1117 re,
1513 1066 1620 1121 quod

263 1147 346 1199 jam
387 1159 490 1186 nunc
532 1144 684 1196 indico,
724 1146 861 1186 miram
906 1146 1179 1186 anctoritatem
1228 1144 1364 1187 tribuit
1410 1148 1509 1187 mori
1548 1145 1619 1187 de-

267 1221 509 1265 monstrandi
540 1223 801 1275 geometrico,
842 1235 955 1276 qnem
987 1219 1104 1263 Plato
1145 1221 1196 1263 ad
1235 1224 1388 1264 animos
1419 1225 1457 1263 in
1488 1222 1619 1278 philo-

267 1300 409 1354 sophia
438 1304 588 1341 tantum
618 1299 829 1340 initiandos
859 1300 993 1340 utilem
1025 1299 1173 1351 habuit,
1203 1300 1253 1341 ah
1285 1303 1373 1354 ipsa
1403 1314 1498 1341 vero
1528 1301 1618 1355 phi-

268 1376 450 1432 losophia
479 1376 636 1431 longius
668 1376 845 1418 seclusit.

321 1491 323 1493 .
385 1454 567 1503 Platonis
604 1459 783 1508 tempore
820 1453 992 1495 nondum
1038 1454 1249 1496 methodus
1296 1458 1489 1497 scientiae
1538 1462 1619 1497 tra-

268 1531 434 1575 ctandae
476 1536 560 1574 erat
604 1534 836 1582 constituta3
883 1545 957 1573 suo
1004 1534 1174 1586 quisque
1219 1534 1398 1586 ingenio,
1454 1533 1619 1575 aliorum

267 1611 374 1651 nulla
412 1610 545 1651 habita
582 1612 733 1650 ratione
772 1608 1099 1663 quemadmodum
1137 1612 1226 1663 ipse
1264 1610 1407 1662 voluit,
1458 1613 1620 1665 protulit

267 1690 485 1729 sententias
517 1700 625 1731 suas,
688 1685 774 1741 ltaq
803 1701 825 1727 e
856 1685 994 1738 Plato,
1034 1700 1153 1741 quum
1184 1686 1385 1729 mirificam
1424 1689 1619 1743 quandam

268 1770 442 1820 poeseos
482 1778 570 1805 cum
610 1749 862 1819 philosophia
893 1763 1192 1805 familiaritatem
1224 1777 1318 1806 esse
1350 1770 1618 1819 cognovisset,

266 1846 422 1884 mixtam
471 1857 493 1883 e
532 1841 685 1883 duabus
722 1841 885 1882 formam
932 1854 1093 1882 suorum
1140 1855 1304 1897 operum
1350 1857 1445 1885 esse
1482 1844 1619 1897 voluit,

266 1933 504 1975 prosamque
550 1917 826 1972 philosophiae
881 1920 1118 1969 orationem,
1177 1921 1296 1960 nimio
1342 1921 1549 1963 intervallo
1595 1937 1619 1964 a

266 2002 440 2052 poeseos
470 1995 725 2037 similitudine
754 1996 951 2046 avulsam,
989 1999 1153 2050 propius
1197 1996 1249 2037 ad
1280 2011 1365 2038 eam
1403 2003 1616 2041 revocavit.

267 2073 460 2116 Adhibuit
497 2073 600 2115 enim
640 2074 675 2113 ei
714 2071 933 2127 dialogum
981 2086 1057 2127 quo
1089 2073 1193 2114 facto
1224 2074 1527 2129 philosophicae
1558 2079 1617 2118 in-

267 2153 457 2193 stitutioni
487 2155 633 2191 motum
664 2152 860 2203 vitamque
891 2150 1020 2199 dedit3
1052 2153 1167 2192 immo
1200 2155 1426 2193 accuratius
1453 2167 1538 2194 eam
1567 2154 1620 2196 ad

267 2229 459 2271 humanae
490 2231 646 2282 captum
678 2231 839 2268 naturae
870 2226 1194 2270 accommodavit.

384 2306 519 2347 Altius
540 2309 670 2345 autem
692 2303 806 2344 nobis
827 2304 1134 2358 philosophandi
1162 2305 1294 2347 fontes
1322 2307 1430 2361 apud
1458 2313 1620 2350 nostros

269 2382 497 2425 duumviros
542 2379 814 2436 repetentibus
860 2394 938 2422 non
980 2380 1152 2424 sufficiet
1197 2385 1421 2426 universam
1468 2386 1620 2427 saeculi

268 2458 525 2502 eruditionem
564 2458 862 2509 considerasse,
907 2456 984 2500 sed
1020 2461 1085 2500 via
1123 2463 1260 2512 etiam,
1299 2475 1375 2515 qua
1413 2462 1528 2503 ambo
1569 2462 1620 2504 ad

266 2537 555 2593 philosophiam
587 2536 823 2589 ferebantur,
854 2534 1065 2579 indicanda
1094 2542 1169 2581 est.
1224 2538 1317 2593 Qua
1348 2541 1386 2581 in
1417 2554 1474 2592 re,
1504 2554 1619 2595 quam

267 2617 406 2668 ingens
438 2628 487 2656 ac
517 2613 601 2656 fere
632 2617 864 2669 inexpressa
894 2614 1172 2670 philosophiae
1208 2615 1260 2657 ad
1296 2618 1494 2659 hominum
1534 2609 1620 2659 ani-

267 2705 354 2736 mos
384 2690 601 2735 movendos
634 2697 673 2735 et
703 2691 755 2734 ad
785 2694 912 2748 ipsam
943 2696 1233 2738 convertendos
1265 2697 1319 2737 sit
1349 2697 1433 2749 vis,
1474 2698 1621 2751 poterit
