1905 3104
843 257 1140 300 ...m-.-

312 386 386 433 ret,
416 379 558 436 quibus
589 377 783 421 lectorum
813 379 969 432 ingenia
1000 380 1189 421 excitaret
1220 382 1261 420 et
1291 377 1343 421 ad
1372 380 1555 423 virtutem
1574 379 1669 424 red-

313 458 425 500 deret
452 459 617 512 aptiora.

401 535 551 577 Contra
580 533 775 590 Spinoza,
808 536 960 577 etiamsi
993 547 1187 577 summum
1219 549 1382 591 operum
1414 537 1502 591 ejus
1536 539 1669 579 consi-

309 616 403 655 lium
436 617 549 654 esset
577 611 696 662 idem,
727 611 883 652 scilicet
913 616 956 652 ut
985 626 1122 654 verum
1153 614 1316 655 doceret
1345 616 1669 669 impugnaretque

310 691 435 733 falsas
467 691 666 732 bominum
698 691 926 744 opiniones,
966 702 1132 744 prorsus
1171 690 1370 733 diversum
1404 693 1480 734 iter
1516 693 1669 745 ingres-

310 781 383 809 sus
416 772 490 808 est.
553 765 664 809 Vixit
694 768 796 808 enim
829 780 877 808 ea
906 771 1036 808 aetate
1066 768 1106 807 in
1138 781 1264 822 eaque
1294 772 1412 819 terra,
1440 768 1509 809 ubi
1540 782 1670 823 neque

310 847 448 900 poe‘sis
480 849 690 886 ceteraeve
720 849 828 886 artes
859 842 1046 898 vigebant
1076 858 1151 885 nec
1182 843 1234 886 ad
1255 844 1514 887 eruditionem
1533 847 1573 886 in
1594 859 1667 887 suo

311 937 458 978 genere
497 920 714 979 perfectam
746 922 833 973 (uti
863 927 960 964 tunc
998 924 1036 963 in
1069 921 1240 964 Graecia
1278 925 1382 975 erat)
1422 927 1533 966 esset
1569 937 1668 966 ven-

311 1008 413 1053 tum,
452 1000 527 1042 sed
567 1000 635 1042 ubi
672 1002 798 1042 instar
836 1002 1008 1042 omnium
1048 1014 1126 1041 nou
1165 1003 1294 1042 minus
1325 1000 1522 1056 cogitandi
1554 1015 1669 1056 quam

312 1078 512 1121 scribendi
542 1078 710 1120 florebat
739 1078 918 1130 libertae,
950 1080 1077 1120 omnis
1108 1079 1174 1120 illa
1204 1082 1470 1133 praestantiae
1501 1094 1550 1121 ac
1590 1082 1669 1120 vir-

311 1159 408 1199 tutis
440 1161 576 1198 mater.
642 1157 703 1197 Ac
745 1170 860 1210 quam
890 1155 1090 1197 Lutherus
1131 1159 1169 1197 in
1209 1156 1381 1198 ecclesia
1419 1156 1569 1199 fecerat
1606 1170 1669 1199 re-

311 1236 596 1277 staurationem
637 1232 705 1274 diu
743 1238 939 1288 optatam,
981 1232 1146 1274 eandem
1183 1235 1222 1273 in
1252 1233 1545 1289 philosophiam
1574 1238 1670 1276 tunc

313 1312 565 1355 introducere
597 1310 750 1353 studuit
780 1310 999 1353 Cartesius.
1061 1309 1151 1353 Jam
1189 1325 1284 1353 vero
1317 1310 1513 1367 Spinoza,
1551 1326 1670 1368 quum

315 1395 493 1432 sectator
524 1389 655 1431 factus
688 1388 872 1441 Cartesii,
906 1390 994 1443 ejus
1025 1388 1243 1430 doctrinam
1273 1392 1400 1443 magis
1431 1392 1547 1431 etiam
1577 1404 1668 1445 per-

311 1469 449 1510 ficeret
479 1466 807 1522 absolveretque,
846 1481 926 1508 non
964 1466 1092 1509 solum
1133 1469 1338 1519 scientiam
1375 1467 1669 1518 scholasticam,

310 1549 366 1587 uti
387 1546 466 1596 ille,
500 1543 765 1596 adoriebatur,
796 1543 871 1586 sed
892 1546 1022 1599 ipsum
1045 1545 1162 1585 etiam
1184 1543 1540 1587 Christianismum.
1589 1544 1669 1585 Cu-

305 1626 376 1679 jus
408 1626 465 1665 rei
497 1636 620 1664 causa
652 1627 715 1664 est
746 1622 857 1665 haec.
905 1622 1154 1676 Religionem
1186 1620 1448 1664 Christianam
1471 1624 1561 1677 quia
1581 1622 1669 1664 sun-

312 1702 408 1743 dant
437 1714 517 1751 res,
549 1713 652 1754 quae
683 1713 779 1740 vere
810 1699 939 1740 factae
972 1713 1066 1741 csse
1088 1698 1314 1750 creduntur,
1346 1698 1519 1754 Spinoza
1539 1705 1669 1741 autem

312 1781 519 1821 veritatem
552 1791 628 1817 non
661 1777 784 1818 rebus
814 1776 952 1828 factis,
993 1775 1068 1817 sed
1100 1777 1175 1817 soli
1219 1779 1361 1818 mentis
1394 1776 1670 1831 cogitandique

311 1858 451 1897 rationi
491 1854 683 1895 inclusam
724 1867 818 1895 esse
849 1853 1122 1904 arbitrabatur,
1154 1852 1355 1893 Christum
1393 1865 1472 1893 non
1504 1852 1672 1894 credidit

313 1933 376 1975 dei
407 1932 528 1974 filium
561 1945 675 1984 esse,
707 1919 782 1973 sed
814 1930 877 1973 dei
910 1931 1164 1987 prophetam3
1197 1930 1368 1986 ideoque
1400 1930 1548 1973 Christi
1581 1945 1670 1973 cum

313 2010 389 2053 deo
429 2011 749 2065 conjunctionem
788 2023 866 2051 non
907 2009 1054 2051 realem
1091 2008 1332 2062 (secundum
1364 2008 1555 2063 carnem),
1595 2008 1670 2051 sed

311 2088 555 2143 spiritualem
595 2092 799 2139 statuens,
844 2088 960 2129 aliam
1000 2087 1063 2128 dei
1102 2087 1403 2137 revelationem,
1445 2100 1561 2141 quam
1599 2100 1671 2141 per

312 2168 482 2207 animum
520 2179 569 2206 ac
600 2167 782 2220 spiritum
813 2164 982 2215 factam,
1023 2177 1116 2205 esse
1154 2169 1282 2217 negat.
1345 2164 1438 2216 Qua
1476 2165 1671 2205 sententia

312 2243 487 2297 Spinoza
525 2256 623 2287 sane
662 2247 788 2283 totum
821 2240 1166 2283 Christianismum
1203 2241 1289 2282 vult
1327 2245 1519 2281 evertere.
1581 2239 1670 2281 Nec

311 2322 438 2374 potuit
476 2319 584 2370 fieri,
623 2321 716 2374 quin
749 2318 943 2374 Spinoza,
982 2333 1102 2374 quum
1132 2321 1198 2369 vix
1226 2317 1469 2359 Judaeorum
1500 2317 1671 2371 fugisset

310 2396 497 2447 insidias,
536 2399 576 2437 in
608 2396 921 2438 Christianorum
951 2395 1143 2438 incideret
1174 2395 1330 2446 odium,
1361 2396 1526 2436 maxime
1555 2395 1670 2436 theo-

310 2476 504 2528 logorum,
536 2477 601 2529 qui
633 2475 866 2529 plerumque
898 2488 1020 2516 caeca
1051 2479 1091 2516 et
1122 2474 1309 2516 effrenata
1330 2471 1560 2527 stupiditate
1582 2474 1669 2526 ejus

310 2554 485 2593 rationes
518 2551 800 2605 impugnabant
821 2557 861 2593 et
882 2551 1155 2594 exsecrabant.
1204 2548 1337 2603 Quid?
1369 2549 1474 2604 quod
1496 2552 1556 2591 vir
1576 2563 1670 2591 san-

310 2631 514 2670 ctissimus
547 2634 587 2670 et
617 2643 744 2683 paene
777 2629 935 2670 divinus
966 2628 1147 2670 atbeismi
1179 2627 1229 2669 ab
1260 2630 1309 2668 iis
1340 2632 1555 2669 accusatus
1588 2626 1668 2670 est!

311 2704 521 2749 Adversus
562 2719 663 2761 quos
695 2705 871 2763 Spinoza
901 2708 1130 2749 acerrimam
1170 2707 1254 2747 iniit
1284 2718 1475 2761 pugnam,
1514 2703 1668 2759 qualem
