1905 3104
740 235 1033 278 ...13—

210 359 328 403 Plato
360 365 496 404 contra
526 361 730 416 sophistas
770 359 902 402 edidit.
963 360 1005 402 N
1008 374 1054 402 ec
1084 360 1166 403 salli
1204 356 1299 402 mihi
1329 357 1487 409 videor,
1525 357 1562 398 si

211 440 437 480 universnm
478 437 769 494 Spinozismum
805 441 1001 495 nominem
1038 440 1277 489 reactionem
1317 434 1562 491 contempla-

212 518 331 559 tionis
361 516 493 559 mundi
523 517 803 573 teleologicae3
844 515 945 559 deus
985 519 1087 559 enim
1124 519 1290 559 istorum
1321 520 1406 558 erat
1434 513 1562 556 teleo-

213 593 369 645 logicus
399 595 439 636 h.
472 609 507 637 e.
539 593 757 635 secundum
788 599 919 636 certas
948 597 1123 636 rationes
1152 608 1201 636 ac
1230 593 1330 636 fines
1360 574 1486 646 δέους
1516 606 1565 632 ex

215 683 289 711 suo
337 671 524 712 consilio:
570 684 685 725 quem
731 670 783 713 ad
822 677 1058 726 conceptum
1100 669 1395 725 exstirpandum
1434 669 1565 711 ethica

216 746 417 801 Spinozae
453 746 602 800 ubique
640 747 779 789 tendit.
840 749 1027 790 Attamen
1065 750 1191 802 magis
1230 747 1397 789 naturali
1434 760 1565 788 rerum

217 828 438 878 cognitione
468 825 594 867 fretus
626 830 709 876 est,
746 824 864 867 Plato
896 826 1038 868 ethicis
1069 825 1307 881 rationibus3
1349 838 1466 879 qnam
1505 823 1566 864 di-

215 906 442 945 versitatem
482 918 506 944 a
543 901 703 944 diverso
743 902 948 945 doctorum
981 906 1137 957 ingenio
1177 900 1567 956 (Geistesrichtung)

217 983 311 1023 licet
335 983 427 1035 jure
456 986 650 1036 repetere.

307 1059 499 1101 Socrates
531 1061 644 1111 enim,
676 1061 856 1113 quamvis
886 1064 930 1100 ut
951 1058 1158 1100 Car-'tesius
1188 1073 1212 1100 a
1243 1062 1305 1100 sui
1327 1061 1569 1101 conscientia

218 1140 451 1195 principium
480 1135 785 1191 philosophandi
824 1141 1018 1188 sumeret,
1056 1135 1107 1177 ad
1145 1136 1313 1177 ethicam
1351 1141 1481 1178 tamen
1522 1151 1570 1178 eo

220 1222 305 1259 erat
334 1216 580 1271 propensior,
612 1227 688 1268 quo
719 1215 845 1267 magis
866 1214 1138 1256 Athenienses
1170 1214 1570 1275 corruptis-moribus

219 1292 461 1337 laborabant.
524 1291 729 1333 Cartesius
773 1305 869 1333 vero
913 1291 1226 1334 mathematicam
1272 1306 1320 1334 ac
1366 1294 1571 1334 scientiam

220 1377 397 1423 naturae,
428 1383 529 1425 qnae
558 1374 654 1410 tunc
683 1352 872 1423 temporis
903 1371 1043 1422 ingens
1064 1374 1253 1423 ceperant
1279 1371 1574 1422 incrementum,

220 1455 329 1493 tanto
360 1447 503 1493 ardore
535 1446 764 1501 complexus
797 1449 880 1496 est,
916 1450 963 1486 ut
1000 1448 1039 1487 in
1080 1448 1130 1488 iis
1169 1460 1322 1489 omnem
1363 1452 1574 1501 quaereret

222 1526 498 1582 philosophiae
527 1524 664 1575 finem,
702 1522 755 1564 ad
785 1536 854 1564 eas
885 1525 1014 1564 omnia
1045 1522 1232 1576 dirigeret
1260 1538 1309 1565 ac
1346 1538 1442 1565 vere
1473 1524 1573 1579 phy-

224 1608 334 1648 sicus
363 1607 506 1660 posset
534 1603 680 1644 vocari.
722 1599 802 1654 Qui
833 1614 950 1655 quum
980 1599 1114 1642 mundi
1146 1599 1246 1644 duas
1277 1615 1421 1645 causas
1451 1615 1577 1657 pone-

228 1687 309 1733 ret,
347 1682 548 1723 materiam
586 1693 634 1720 ac
665 1682 825 1728 motum,
856 1676 1030 1731 Spinoza
1062 1692 1110 1718 eo
1143 1678 1319 1719 extendit
1347 1679 1577 1731 religionem

226 1757 458 1808 Judai'cam,
496 1761 540 1797 ut
578 1754 655 1797 deo
685 1768 840 1796 omnem
870 1754 1060 1796 tribueret
1088 1758 1304 1810 potentiam
1338 1761 1457 1810 atque
1496 1759 1578 1797 exi-

225 1837 409 1877 stentiam
447 1832 617 1885 ideoque
654 1833 887 1871 monismum
917 1835 1081 1872 naturae
1112 1834 1384 1874 constitueret.
1445 1831 1578 1873 Deum

225 1917 356 1954 autem
387 1911 567 1965 quoniam
596 1908 683 1950 sola
710 1907 963 1972 meditatione
990 1909 1229 1962 attingimus,
1261 1908 1436 1964 Spinoza
1467 1924 1579 1951 mun-

228 1989 320 2030 dum
350 2001 399 2030 ae
429 1992 606 2028 naturam
636 1985 793 2039 legibus
824 1986 1080 2029 rationalibus
1111 2000 1190 2027 non
1220 1987 1349 2029 solum
1375 1990 1474 2046 regi,
1505 1986 1581 2029 sed

229 2071 412 2108 constare
443 2064 649 2106 credebat:
680 2063 785 2105 unde
817 2063 1020 2105 doctrinae
1050 2066 1246 2107 severitas
1276 2079 1325 2106 ac
1353 2078 1482 2119 paene
1498 2049 1581 2106 'fri-

227 2142 319 2196 gida
347 2141 611 2184 immobilitas.
642 2163 700 2170 -

319 2219 405 2261 Sed
435 2220 514 2260 hoc
543 2222 674 2273 ipsum
711 2232 774 2260 me
804 2217 986 2270 adducit,
1024 2223 1069 2260 ut
1099 2218 1150 2260 de
1180 2218 1487 2273 philosophandi
1519 2234 1578 2262 ra-

229 2299 337 2339 tione
376 2299 463 2339 sive
502 2294 709 2347 methodo,
749 2309 826 2350 qua
855 2301 1022 2350 uterque
1054 2294 1346 2338 duumvirornm
1377 2311 1477 2339 usus
1509 2302 1584 2348 est,

228 2365 368 2428 paucis
400 2387 605 2428 exponam.
638 2372 756 2415 Fieri
786 2359 917 2415 autem
947 2373 1054 2414 nullo
1076 2373 1194 2415 modo
1214 2374 1294 2415 hoc
1312 2380 1460 2429 potest,
1492 2377 1584 2428 quin

229 2449 416 2492 redeatur
445 2450 497 2493 ad
533 2450 596 2502 id,
636 2449 743 2506 qnod
779 2449 887 2505 apud
924 2449 1063 2492 ambos
1100 2450 1406 2505 philosophandi
1444 2450 1584 2493 funda-

230 2531 401 2567 mentum
432 2527 608 2567 ultimum
638 2527 816 2581 praebet,
847 2526 955 2581 quod
984 2540 1062 2567 non
1084 2526 1387 2578 demonstratur,
1418 2526 1493 2568 sed
1513 2523 1581 2568 ire-

230 2616 315 2645 rnm
347 2616 440 2644 esse
469 2605 638 2657 ponitur.
699 2603 899 2658 Supponit
928 2608 1059 2645 autem
1089 2602 1193 2644 idem
1223 2609 1446 2645 nostrorum
1476 2608 1585 2645 nter-

233 2694 326 2739 que,
343 2679 501 2722 seilicet
514 2693 705 2722 summam
727 2679 925 2734 cogitandi
947 2685 987 2722 et
1007 2679 1201 2722 existendi
1220 2683 1416 2725 unionem,
1469 2680 1587 2736 Quae
