1905 3104
838 262 895 271 ...
958 236 1127 282 124-

306 362 488 416 quoniam
520 365 560 401 et
589 356 731 402 idealis
761 364 897 414 potest
928 373 1021 401 esse
1050 365 1092 402 et
1110 359 1233 402 realis
1251 382 1308 391 —
1329 353 1485 403 scilicet
1504 356 1660 416 quaudo

307 453 366 491 ea,
398 452 499 494 quae
530 439 719 494 existunt,
750 443 915 501 tantum,
933 443 977 481 ut
1007 440 1180 493 cogitata
1211 443 1250 481 et
1280 437 1333 482 ad
1360 444 1536 482 nostram
1565 453 1661 481 con-

304 518 509 557 scientiam
551 519 786 569 pertinentia
833 517 1151 571 considerantur,
1198 520 1291 559 uuio
1333 517 1377 559 fit
1416 518 1661 568 idealis;·si

304 593 489 645 cogitatio
521 591 574 634 ad
605 592 732 634 solam
762 595 1016 636 existentiam
1038 594 1226 647 refentnr,
1255 595 1376 638 realis
1407 617 1463 624 -
1494 600 1662 650 uterque

302 669 449 711 realem
482 683 576 713 esse
606 671 703 712 vult.
755 669 841 712 Sed
870 676 1002 713 tamen
1032 673 1118 713 hac.
1139 675 1230 726 ipsa
1258 686 1302 713 re
1332 672 1570 726 aliquantum
1601 674 1661 712 in-

302 752 364 788 ter
395 761 442 788 se
474 746 714 802 discrepant.
776 746 952 802 Spinoza
992 752 1114 801 enim,
1155 748 1263 803 apud
1293 763 1410 803 quem
1441 749 1525 808 fere
1555 748 1660 791 idem

303 829 367 865 est
397 827 582 878 cogitatio
615 829 656 865 et
685 824 861 867 idearum
882 825 1075 877 formatio,
1105 825 1218 867 ideas
1247 839 1407 880 semper-
1427 831 1467 867 et
1487 825 1660 868 directas

303 916 396 944 esse
417 901 470 943 ad
491 916 564 944 ens
584 901 781 956 quoddam
822 908 863 944 et
893 918 963 945 eas
993 906 1106 958 ipsas
1138 906 1308 946 existere
1340 903 1436 945 dicit
1465 904 1661 946 attribuit-

302 993 379 1032 que
418 979 687 1033 suhstantiae3
733 979 850 1021 Plato
890 986 1021 1022 autem
1060 981 1110 1021 de
1150 983 1318 1021 scientia
1357 986 1405 1022 et'
1436 983 1660 1034 cognitione

300 1057 628 1123 mamens
660 1071 775 1111 quam
808 1057 858 1098 de
902 1060 1160 1111 cogitatione,
1200 1060 1472 1110 coguitionem*
1501 1057 1659 1112 quidem

299 1117 435 1177 veram
451 1121 714 1178 &existentiam
746 1136 939 1188 attingere
955 1134 1122 1188 judicat,
1153 1134 1230 1178 sed
1249 1140 1379 1176 tamen
1401 1137 1529 1189 ipsam
1550 1150 1659 1177 men-

300 1217 380 1252 tem
411 1214 568 1256 mixtam
601 1224 695 1251 esse
726 1213 813 1252 vult
842 1216 883 1251 et
912 1211 1095 1252 mobilem
1128 1225 1203 1254 nec
1235 1214 1339 1252 omni
1362 1226 1410 1252 ex
1431 1217 1543 1265 parte
1563 1226 1659 1253 vere

301 1279 554 1340 existentem,
594 1302 643 1329 ac
683 1302 734 1330 ne
772 1301 840 1330 res
882 1287 1039 1343 quidem
1077 1302 1312 1343 corporeas,
1350 1289 1451 1329 licet
1483 1303 1532 1331 ex
1569 1295 1660 1331 ente

301 1370 342 1406 et
372 1380 422 1406 ex
451 1370 662 1407 non-ente
694 1367 937 1416 commixtas,
969 1368 1005 1405 ei
1036 1352 1214 1419 proi-sus·
1234 1365 1444 1407 subtrahit.
1494 1364 1659 1406 Praeci-

298 1445 359 1496 pit
387 1448 532 1493 autem,
563 1448 609 1483 ut
638 1445 688 1489 in:
708 1441 1028 1499 philosophando
1060 1457 1084 1483 a
1115 1442 1589 1495 suppositionibuseatur
1608 1443 1661 1484 ad

300 1518 361 1569 id,
393 1518 501 1573 quod
540 1522 636 1560 sine·
671 1521 949 1573 suppositione
988 1523 1069 1570 est3
1109 1518 1207 1559 illud
1245 1514 1518 1562 α’νυπόᾶεων
1556 1521 1658 1559 enim

302 1601 366 1637 est
384 1611 481 1637 vere
504 1599 695 1640 existens.
748 1596 951 1649 Quocirca
971 1595 1165 1646 videmus,
1186 1596 1334 1637 realem
1356 1595 1555 1647 cogitandi
1577 1598 1658 1637 exi-

300 1671 513 1726 stendique
550 1675 735 1715 unionem
774 1672 882 1726 apud
920 1671 1130 1713 Platonem
1169 1685 1263 1713 esse
1301 1672 1441 1723 talem,
1479 1677 1525 1712 ut
1561 1672 1658 1713 illud

298 1764 395 1790 vere
428 1752 624 1800 existens,
663 1748 770 1803 quod
801 1752 911 1790 initio
942 1763 1076 1803 neque
1104 1752 1143 1789 in
1174 1750 1303 1790 animo
1335 1761 1434 1801 pure
1464 1751 1660 1802 reperitur

298 1840 427 1880 neque
458 1828 498 1866 in
528 1825 650 1867 rebus
681 1828 893 1879 cognitioni
926 1828 1173 1868 extrinsecus
1205 1824 1390 1878 objectis,
1420 1827 1659 1878 cogitatione

301 1908 341 1944 et
370 1905 560 1945 memoria
589 1906 856 1958 perquiratur:
888 1918 990 1958 quae
1021 1906 1151 1945 omnis
1180 1905 1373 1958 quaestio.
1395 1908 1459 1944 est
1477 1903 1658 1958 philoso-

298 1980 431 2034 phiae.
490 1980 636 2033 Neque
666 1994 762 2025 vero
799 1983 888 2034 ipse
919 1980 1094 2034 Spinoza
1124 1980 1238 2022 ideas
1277 1979 1468 2034 quasdam
1499 1981 1657 2022 mutilas

299 2064 339 2099 et
377 2043 662 2112 inadaequatas
701 2072 796 2102 esse
834 2062 971 2111 negat,
1018 2056 1092 2100 sed
1133 2072 1208 2099 nec
1248 2057 1444 2111 quomodo
1484 2060 1659 2101 oriantur

300 2137 459 2188 exponit
490 2140 531 2175 et
561 2137 664 2174 omni
697 2148 744 2175 se
775 2134 907 2175 studio
948 2134 1017 2176 dat
1054 2148 1236 2176 verarum
1275 2139 1325 2175 et·
1352 2133 1657 2188 adaequata-um

298 2212 473 2253 idearum
506 2212 838 2266 contemplationi.
895 2212 1052 2255 Etenim
1082 2218 1249 2266 uterque
1279 2217 1364 2253 tum
1394 2210 1552 2252 demum
1572 2212 1657 2252 elu-

256 2288 266 2291 ”
300 2302 467 2331 cescere
497 2303 636 2330 verum
668 2288 783 2341 dicit,
822 2303 942 2344 quum
971 2295 1133 2331 ventum
1173 2291 1228 2331 sit
1256 2288 1326 2331 ad:
1339 2302 1435 2330 vere
1467 2290 1656 2339 existens,

298 2365 405 2420 quod
435 2365 552 2407 Plato
583 2366 765 2412 idearum.
790 2369 961 2419 nomine,
991 2354 1239 2409 substantiae
1270 2365 1445 2420 Spinoza
1476 2379 1657 2419 compre-

297 2439 450 2488 hendit.
514 2443 631 2497 Quae
661 2446 727 2486 via
764 2443 873 2500 apud
902 2444 1010 2488 illum
1043 2449 1108 2487 est
1138 2443 1367 2494 dialectica,
1405 2442 1515 2498 apud
1550 2442 1658 2484 hunc

299 2520 520 2562 emendatio
545 2522 785 2567 intellectus.
826 2522 949 2575 Quod
963 2524 1012 2563 2si
1028 2522 1096 2562 ille
1117 2520 1265 2575 aliquid
1286 2520 1360 2562 sub
1381 2516 1497 2561 ideae
1518 2522 1658 2574 specie

297 2598 537 2650 considerat,
564 2614 701 2642 verum
723 2613 819 2643 esse
846 2606 997 2652 censet,
1023 2598 1213 2655 Spinoza‚
1235 2600 1271 2640 si
1298 2597 1654 2641 suhsubstantiae.

298 2674 384 2719 Sed
415 2681 619 2730 quantum.
633 2679 815 2719 veritatis
844 2682 964 2731 atque
994 2675 1657 2728 evidentiae„ttihuerint*.en¹sten-
